3092 4834
191 186 256 252 206
335 186 366 243 Ρ,
386 184 560 241 CORNELII
577 183 699 239 TAGlTI
717 183 764 237 ΑΒ
783 182 946 240 EXCESSU
964 182 1041 239 DIVI
1061 185 1222 241 AUGUSTI

192 351 290 415 etiam
309 352 379 414 tum
398 349 433 413 iu
452 369 541 413 more
557 346 688 433 publica
706 346 939 432 munificentia3
957 368 1016 412 nec
1031 346 1200 433 Augustus
1220 355 1375 417 arcuerat

192 438 351 522 Taurum,
371 437 573 521 Philippum,
596 435 737 501 Balbum
763 436 900 500 hostiles
929 436 1061 500 exuvias
1090 442 1147 501 aut
1174 440 1372 505 exundantis

157 547 271 611 sepes
301 531 452 591 ornatum
480 524 521 590 ad
549 524 639 590 urbis
672 530 706 589 et
731 529 901 608 posterum
931 525 1069 609 gloriam
1098 525 1254 591 conferre.
1305 550 1373 612 quo

191 619 260 680 tum
290 615 438 698 exemplo
464 613 620 698 Lepidus,
647 634 844 699 quamquam
872 612 1028 697 pecuniae
1055 614 1216 699 modicus,
1245 617 1370 682 avitum

192 706 288 770 decus
316 702 461 769 recoluit.
511 705 547 767 at
574 701 710 784 Pompei
737 702 903 766 theatrum
936 702 1013 785 igne
1045 702 1181 767 fortuito
1214 704 1370 771 haustum

192 790 313 859 ansar
341 795 563 857 extructurum
593 791 757 874 pollicitus
789 793 851 873 est,
879 811 918 855 eo
948 790 1032 874 quod
1065 812 1161 856 nemo
1195 814 1212 856 e
1242 793 1373 858 familia

191 880 404 948 restaurando
429 879 601 963 sufficeret,
625 883 776 943 manente
800 882 910 943 tamen
932 878 1066 944 nomine
1088 878 1233 964 Pompei.
1271 883 1370 947 simul

139 990 172 1038 ro
192 969 345 1035 laudibus
370 966 523 1034 Seianum
552 968 681 1049 extulit,
704 972 873 1052 tamquam
900 968 1013 1033 labore
1035 968 1271 1055 vigilantiaque
1299 970 1371 1037 eius

191 1062 285 1123 tanta
311 1059 362 1123 vis
391 1078 491 1121 unum
519 1057 606 1121 intra
634 1056 787 1120 damnum
816 1055 971 1121 stetisset
1016 1061 1050 1121 et
1078 1079 1230 1123 censuere
1257 1063 1371 1144 patres

191 1146 332 1232 effigiem
352 1144 482 1229 Seiano,
505 1166 587 1231 quse
607 1145 692 1229 apud
715 1144 879 1210 theatrum
898 1144 1035 1229 Pompei
1053 1145 1222 1211 locaretur.
1262 1170 1370 1233 neque

191 1238 296 1301 multo
319 1238 395 1320 post
418 1231 548 1318 Caesar,
571 1255 644 1299 cum
667 1232 797 1298 Iunium
820 1234 975 1299 Blaesum
997 1254 1057 1318 pro
1083 1234 1214 1300 consule
1238 1236 1370 1301 Africae

192 1324 350 1408 triumphi
374 1323 557 1409 insignibus
580 1322 759 1406 attolleret,
783 1323 858 1386 dare
885 1321 917 1385 id
945 1344 979 1386 se
1003 1322 1086 1387 dixit
1107 1322 1225 1388 honori
1248 1322 1370 1410 Seiani,

138 1431 171 1480 15
191 1414 284 1479 cuius
307 1413 364 1477 ills
387 1413 563 1477 avunculus
588 1414 666 1475 erat.
711 1432 748 1475 ae
771 1414 882 1475 tamen
904 1432 957 1475 res
981 1410 1090 1476 Blaesi
1114 1412 1230 1498 dignae
1254 1414 1369 1479 decore

190 1502 251 1567 tali
273 1502 371 1566 fuere.

137 1594 179 1658 73
281 1589 366 1655 Nam
396 1588 599 1672 Tacfarinas,
626 1609 823 1673 quamquam
856 1587 985 1672 saepius
1013 1587 1181 1672 depulsus,
1207 1592 1368 1673 reparatis

191 1699 250 1763 per
268 1679 385 1743 intima
403 1677 532 1742 Africae
556 1676 686 1741 auxiliis
709 1676 772 1740 huc
791 1675 1002 1761 adrogantiae
1020 1680 1164 1760 venerat,
1182 1682 1220 1742 ut
1239 1679 1367 1764 legatos

191 1767 233 1832 ad
252 1768 418 1832 Tiberium
443 1766 590 1831 mitteret
613 1763 785 1848 sedemque
809 1765 895 1829 ultro
920 1764 984 1829 sibi
1007 1768 1104 1849 atque
1129 1768 1283 1832 exercitui
1307 1790 1366 1834 suo

191 1858 385 1941 postularet,
412 1859 470 1919 aut
500 1854 622 1919 bellum
654 1854 883 1936 inexplicabile
915 1853 1131 1919 minitaretur.
1185 1877 1252 1921 non
1285 1858 1366 1922 alias

155 1946 295 2029 smagis
325 1965 383 2008 sua
406 1942 582 2030 populique
605 1942 745 2007 Romani
768 1943 965 2007 contumelia
991 1941 1170 2007 indoluisse
1193 1941 1366 2010 Gaesarem

189 2034 313 2116 ferunt,
337 2054 434 2116 quam
462 2032 547 2116 quod
577 2030 722 2096 desertor
749 2035 782 2095 et
808 2030 929 2116 praedo
956 2031 1099 2096 hostium
1128 2052 1218 2097 mors
1246 2039 1367 2119 ageret.

189 2144 233 2192 ne,
260 2121 417 2205 Spartaco
446 2119 574 2204 quidem
603 2122 680 2203 post
707 2122 758 2184 tot
785 2120 1004 2184 consularium
1032 2120 1228 2185 exercituum
1258 2123 1366 2188 clades

190 2211 330 2274 inultam
353 2208 485 2274 Italiam
513 2210 633 2292 urenti,
661 2230 856 2294 quamquam
880 2207 1017 2273 Sertorii
1045 2212 1143 2292 atque
1166 2208 1367 2276 Mithridatis

224 2373 249 2423 3.
273 2367 390 2436 publica
414 2366 460 2419 fur
489 2364 543 2419 den
566 2364 647 2420 Staat
670 2366 698 2419 d.
720 2366 748 2421 h.
803 2364 953 2433 klassisch,
971 2363 1136 2421 auerstLir.
1152 2372 1195 2433 26,
1215 2373 1249 2421 36
1267 2373 1299 2423 ut
1316 2385 1366 2423 uec

190 2437 400 2508 ‘patriotiseh',
424 2436 477 2490 πίε
496 2436 564 2491 Sall.
583 2437 647 2505 Jug.
667 2441 711 2503 31,
733 2442 748 2491 1
803 2438 945 2492 triumviri
958 2437 1123 2505 accipiundo
1136 2454 1186 2493 uec
1199 2440 1305 2494 auitae
1322 2456 1366 2493 re·

187 2510 311 2565 studium
332 2508 524 2580 reipublicae
548 2506 616 2561 ‘der
641 2506 749 2561 Patrio-
802 2508 921 2575 ferundo
938 2507 1102 2573 sufficereut.

187 2580 310 2635 tismus'.
841 2582 882 2633 10.
902 2583 1041 2647 tamquam
1060 2593 1081 2633 s.
1100 2577 1172 2635 Einl.
1192 2584 1215 2644 §-
1235 2585 1277 2634 35.

224 2658 248 2705 4.
277 2651 389 2706 Tamus
413 2650 530 2704 erbaute
556 2648 603 2703 ein
629 2649 747 2719 Amphi·
842 2654 883 2702 12.
902 2650 979 2719 apud
998 2650 1068 2703 statt
1086 2650 1127 2705 s'u.

187 2722 312 2789 theater,
335 2722 445 2775 Balbus
462 2719 508 2775 ein
528 2720 662 2789 Theater,
681 2722 749 2776 Plu'·
841 2718 889 2776 73.
909 2727 934 2775 2.
953 2721 1054 2775 intima
1071 2720 1195 2787 Africae.
1234 2721 1270 2776 So
1293 2724 1366 2776 setzt

188 2795 281 2863 lippus
292 2790 473 2848 restaurierte
483 2791 565 2846 einen
574 2791 690 2861 Tempel
700 2793 749 2846 des
804 2790 918 2845 Tacitus
933 2792 987 2845 den
997 2790 1116 2845 Genetiv
1129 2792 1203 2846 nach
1217 2791 1273 2847 den
1287 2792 1364 2848 Orts·

187 2863 334 2919 Herkules.
804 2861 1034 2930 beaeichnuugcn
1052 2863 1151 2929 media,
1169 2868 1298 2932 ecetram,
1317 2880 1364 2918 uo·

223 2941 248 2989 ὅ.
267 2940 396 2989 mactum
410 2934 448 2988 ad
463 2935 549 2988 urbia.
586 2918 660 2987 Uber
674 2932 750 2986 diere
802 2934 1045 3001 vuamaseereta,
1059 2934 1134 3002 avia,
1147 2939 1243 3003 aperta
1260 2940 1365 3003 operta,

188 3007 247 3060 erst
273 3005 302 3058 in
331 3005 383 3057 den
412 3003 541 3058 Annalen
568 3001 750 3072 gebrauchte,
804 3004 924 3070 occulta,
951 3005 1060 3060 inculta
1085 3020 1113 3058 u.
1139 3003 1197 3072 dgl.
1234 2974 1261 3059 d.
1288 3002 1364 3060 Einl.

188 3092 238 3129 aus
262 3076 317 3127 den
339 3072 475 3128 Dichtern
499 3073 645 3128 entlehnte
665 3074 749 3129 Form
804 3079 828 3139 5.
847 3079 890 3143 40,
909 3074 937 3130 b.
957 3075 1062 3129 —leuc
1084 3074 1137 3128 mit
1160 3076 1224 3127 dem
1243 3074 1363 3129 Genetiv

188 3147 238 3200 der
255 3146 432 3213 Anastrophe
450 3163 472 3200 s.
491 3143 564 3199 Einl.
584 3150 608 3209 ς.
629 3148 690 3211 116,
710 3161 734 3200 ε.
803 3144 892 3201 findet
914 3144 973 3201 sich
994 3162 1069 3199 zuar
1090 3144 1135 3199 bei
1154 3143 1260 3199 Terens
1296 3145 1364 3199 aber

224 3217 404 3286 opacantur
425 3216 555 3271 mediato.
596 3202 671 3269 Uber
694 3216 748 3270 den
796 3216 882 3270 'nieht
903 3217 950 3271 bei
972 3216 1148 3282 Klassilrem3
1174 3215 1249 3269 daun
1266 3188 1363 3271 Talea

188 3286 309 3343 Genetiv
324 3305 345 3342 s.
360 3305 393 3341 au
407 3292 432 3355 3,
449 3292 491 3342 73.
523 3287 576 3342 Βίε
590 3284 748 3341 Triumrim
802 3288 877 3341 Max.
896 3293 921 3356 3,
942 3293 966 3352 l,
987 3293 1000 3340 1
1020 3288 1073 3343 buc
1094 3286 1279 3356 malignitatis
1301 3305 1363 3342 veu-

85 3382 90 3389 ·
186 3359 285 3414 hatten
310 3358 365 3412 den
393 3356 481 3414 Vater
504 3359 561 3412 und
584 3356 749 3413 Grolsvater
801 3364 861 3412 tum
878 3365 911 3414 ut
928 3364 983 3425 att,
1001 3359 1077 3415 Ourt.
1093 3359 1274 3427 l,1,35buc
1292 3360 1365 3415 euim

187 3432 236 3486 des
260 3429 298 3485 M.
321 3428 444 3500 Lepidus
467 3430 600 3498 geaehtet
620 3430 679 3484 und
706 3431 747 3485 sie
802 3431 938 3486 malorum
955 3435 1066 3484 acutam
1083 3435 1122 3484 est
1138 3434 1178 3484 ut.

187 3500 442 3556 dannamnestiert.
457 3502 679 3570 DasVermtgen
690 3518 748 3556 war
838 3506 863 3555 4.
883 3507 933 3555 aut
952 3501 1061 3568 ‘sonst,
1079 3499 1309 3569 widrigenfalls'‚
1329 3501 1364 3557 cl.

187 3574 255 3628 aber
273 3571 363 3626 durch
381 3571 576 3626 Konfiskation
594 3573 731 3627 verloren.
801 3570 1097 3641 Nagelsbach-Maller
1117 3569 1193 3625 Stil.⁸
1211 3589 1238 3640 p.
1259 3576 1319 3627 726.

223 3651 247 3700 7.
266 3643 308 3696 Im
321 3642 444 3698 Theater
462 3643 511 3698 des
529 3642 678 3712 Pompejns
699 3642 751 3696 auf
839 3648 863 3696 7.
896 3642 1049 3712 Spartacus
1080 3643 1196 3712 (ue—71
1230 3660 1255 3696 π.
1289 3641 1366 3712 Chr.)

187 3715 253 3770 dem
271 3713 423 3769 Marslelde
443 3714 563 3768 wardia
582 3712 680 3768 Bfihne
699 3714 747 3767 ab·
803 3712 902 3795 schlug
925 3715 1017 3768 zuerst
1040 3713 1094 3767 den
1113 3713 1214 3767 Prttor
1232 3711 1364 3767 Vatinius

186 3788 332 3856 gebrauut.
358 3816 390 3826 —
415 3786 528 3839 haurire
553 3784 747 3853 ‘verzehren’,
801 3784 859 3836 und
873 3783 1102 3855 einigeLegaten
1117 3782 1273 3851 desselben,
1288 3784 1364 3838 daun

185 3873 250 3911 rom
279 3858 380 3925 Tener,
408 3855 461 3910 πίε
490 3861 537 3923 13,
566 3860 600 3909 58
627 3856 748 3910 coloniae
802 3853 967 3911 wiederholt
985 3855 1031 3909 die
1048 3854 1176 3909 Konsuln
1194 3854 1244 3907 des
1262 3852 1363 3909 Jahres

185 3929 246 3999 ipat
267 3929 394 3996 haustae,
423 3925 489 3981 hist.
518 3932 548 3996 4,
576 3931 611 3980 60
638 3931 749 3981 cunam
803 3925 877 3979 7211.
888 3924 995 3981 Gellius
1006 3924 1152 3996 Poplicola
1165 3924 1363 3980 1311011001-

185 3999 345 4053 iuceudr‘um
362 3999 462 4053 bausit.
501 3996 537 4051 So
556 3997 602 4052 bei
615 3996 675 4052 Liv.
691 4000 746 4064 b,'l
805 3996 896 4050 aelius
916 3997 1063 4065 Lentulus,
1087 3996 1200 4053 endlich
1224 3996 1278 4051 den
1296 3994 1364 4051 Pro-

187 4085 309 4140 apperem
323 4084 357 4123 ae
369 4071 463 4123 vineas
476 4069 635 4123 incendium
645 4068 746 4137 hausit,
801 4066 905 4122 lxonsul
928 4066 957 4124 C.
978 4066 1088 4122 Cassius
1106 4066 1257 4136 Longinus.
1298 4067 1365 4121 Erat

186 4145 230 4207 30,
245 4145 261 4193 3
279 4139 450 4194 seniaomuos
466 4140 560 4194 hausit
578 4141 697 4206 flamma.
802 4137 917 4193 Crassus
937 4139 1063 4208 besiegte
1081 4138 1139 4192 ihn.

223 4214 247 4263 3.
265 4223 296 4262 eo
313 4232 349 4252 ==
366 4209 434 4275 ideo,
454 4227 475 4263 s.
495 4229 530 4263 zu
549 4215 573 4277 1,
592 4214 635 4263 30.
837 4215 862 4264 8.
890 4208 947 4262 Der
974 4209 1061 4278 Krieg
1086 4226 1178 4279 gagen
1210 4207 1363 4264 Sertorium

223 4285 248 4333 3.
271 4277 396 4344 sufficere
418 4277 471 4334 mit
498 4280 562 4334 dem
584 4278 669 4333 Dativ
697 4280 746 4334 des
803 4285 921 4349 73-73,
945 4280 995 4336 der
1018 4280 1104 4336 dritte
1123 4278 1362 4335 Mithridatische:

187 4346 387 4415 Gerundiums,
408 4349 462 4403 πίε
485 4354 514 4418 4,
533 4356 581 4420 23,
604 4352 643 4404 ist
660 4351 746 4406 nach·
802 4355 916 4406 74-33.
