3092 4834
557 296 665 351 LIBER
681 296 702 351 1.
740 295 817 350 CAP.
837 301 951 350 61-63.
1300 295 1343 358 63

165 461 298 527 aestivis
327 462 361 525 in
387 461 508 526 finibus
535 458 695 527 Ubiorum
723 458 927 525 habebantur
953 481 1011 544 per
1043 460 1146 523 otium
1174 463 1231 523 aut
1259 458 1343 523 levia

165 551 283 615 munia.
330 551 431 636 igitur
453 549 564 617 audito
588 550 651 614 fine
674 547 818 634 Augusti
839 547 1010 613 vernacula
1032 547 1217 631 multitudo,
1238 569 1343 631 nuper

166 644 238 705 acto
267 640 302 703 in
328 639 409 704 urbe
437 638 571 722 dilectu,
597 637 748 708 lasciviae
771 641 872 722 sueta,
895 636 1044 701 laborum
1067 636 1257 720 intolerans,
1284 638 1342 700 im-

165 727 254 812 plere
287 732 466 793 ceterorum
499 727 595 795 rudes
627 728 765 792 animos:
797 727 924 791 venisse
952 731 1080 810 tempus
1108 747 1172 810 quo
1200 726 1343 791 veterani
1357 752 1383 793 ιο

165 822 325 882 maturam
348 818 545 901 missionem,
568 819 700 881 iuvenes
723 814 866 901 largiora
888 815 1058 899 stipendia,
1080 815 1188 880 cuncti
1210 814 1343 880 modum

164 905 368 971 miseriarum
387 909 596 990 exposcerent
615 905 846 989 saevitiamque
865 905 1089 970 centurionum
1103 903 1344 969 ulciscerentur.

165 1017 231 1063 non
253 1018 338 1060 unus
361 995 453 1079 haec,
481 999 519 1059 ut
541 993 743 1059 Pannonicas
771 995 856 1058 inter
882 993 1027 1079 legiones
1050 991 1258 1075 Percennius,
1285 1014 1344 1058 nec

165 1085 251 1168 apud
281 1085 425 1169 trepidas
457 1084 528 1148 mili
543 1107 599 1148 um
631 1105 724 1148 aures
751 1082 833 1147 alios
860 1082 1032 1147 vahdiores
1060 1083 1219 1146 exercitus
1245 1083 1344 1166 respi-

165 1174 332 1258 cientium,
369 1174 425 1238 sed
456 1172 560 1238 multa
592 1172 759 1237 seditionis
792 1193 849 1237 ora
879 1193 1052 1257 vocesque:
1089 1193 1147 1236 sua
1178 1172 1213 1235 iu
1244 1193 1342 1235 manu
1356 1198 1383 1238 ro

117 1313 120 1321 .
166 1263 260 1328 sitam
287 1286 357 1327 rem
386 1262 581 1346 Romanam,
608 1263 675 1326 suis
702 1260 850 1326 victoriis
878 1262 989 1346 augeri
1011 1283 1079 1326 rem
1102 1259 1278 1345 publicam,
1308 1260 1343 1322 in

166 1374 260 1417 suum
283 1355 534 1439 cognomentum
557 1350 693 1416 adscisci
715 1351 937 1435 imperatores.

252 1458 322 1524 Nec
348 1459 475 1545 legatus
503 1457 631 1523 obviam
658 1457 740 1542 ibat3
768 1457 888 1541 quippe
911 1455 1053 1540 plurium
1076 1456 1244 1520 vaecordia
1267 1457 1394 1521 con-32

164 1550 317 1613 stantiam
341 1551 509 1613 exemerat.
553 1551 685 1631 repente
707 1545 869 1631 lymphati
892 1546 1054 1611 destrictis
1077 1544 1194 1630 gladiis
1212 1544 1247 1608 in
1271 1566 1341 1609 cen-

165 1639 309 1703 turiones
336 1637 505 1701 invadunt:
538 1657 575 1699 ea
604 1636 824 1701 vetustissima
854 1634 1049 1700 militaribus
1079 1634 1163 1699 odiis
1196 1634 1342 1698 materies

165 1732 197 1792 et
225 1726 386 1792 saeviendi
408 1726 612 1810 principium.
658 1728 840 1808 prostratos
862 1724 1049 1788 verberibus
1070 1722 1228 1807 mulcant,
1255 1745 1342 1786 sexa·

164 1813 1343 1989 ἓῶῗοὲᾚίἳᾎέξηέ“ζῖθῗζῗῂὲ“ῗῗέἓῗε63611ῖῖἧῇἣὲοζ
1370 1838 1382 1879 ⁵

166 2015 292 2060 amnem
315 1993 465 2058 Rhenum
487 1992 660 2078 proiciunt.
707 1990 885 2075 Septimius
908 2012 980 2055 cum
1004 1990 1199 2075 perfugisset
1222 1991 1264 2054 ad
1285 1990 1342 2053 tri-

164 2082 265 2148 bunal
292 2082 494 2166 pedibusque
525 2081 679 2146 Caecinae
709 2080 947 2163 advolveretur,
977 2101 1015 2144 eo
1045 2101 1147 2162 usque
1175 2079 1342 2165 flagitatus

165 2176 223 2255 est,
247 2172 349 2235 donec
372 2170 411 2234 ad
435 2171 569 2234 exitium
592 2170 769 2234 dederetur.
817 2168 946 2233 Cassius
971 2167 1124 2252 Chaerea,
1147 2190 1224 2232 mox
1247 2167 1342 2233 caede

166 2258 229 2324 Gai
249 2257 396 2324 Caesaris
420 2259 607 2323 memoriam
630 2259 716 2342 apud
734 2263 882 2342 posteros
901 2258 1045 2342 adeptus,
1067 2262 1138 2322 tum
1156 2256 1342 2322 adulescens
1357 2285 1383 2326 rr

166 2353 199 2413 et
231 2347 330 2412 animi
357 2347 463 2430 ferox,
495 2346 580 2411 inter
607 2346 772 2412 obstantes
800 2351 834 2411 et
860 2351 1000 2411 armatos
1028 2347 1113 2412 ferro
1141 2348 1227 2411 viam
1256 2351 1343 2430 pate-

165 2436 253 2502 fecit.
271 2458 337 2500 non
355 2435 507 2500 tribunus
525 2434 619 2519 ultra,
638 2457 704 2500 non
722 2441 900 2501 castrorum
919 2437 1099 2519 praefectus
1118 2436 1169 2499 ius
1188 2434 1342 2499 obtinuit:

165 2525 308 2612 vigilias,
332 2526 501 2609 stationes,
524 2528 557 2588 et
580 2525 608 2588 si
631 2547 695 2609 qua
717 2525 781 2589 alia
803 2547 955 2609 praesens
978 2547 1056 2589 usus
1079 2524 1250 2609 indixerat,
1279 2524 1342 2607 ipsi

165 2615 397 2700 partiebantur.
448 2614 482 2677 id
509 2613 665 2678 militares
694 2615 818 2680 animos
847 2614 944 2678 altius
971 2612 1226 2679 coniectantibus
1254 2634 1343 2697 prac-

165 2705 296 2788 cipuum
323 2702 479 2768 indicium
501 2704 611 2789 magui
633 2707 731 2788 atque
754 2703 957 2787 inplacabilis
980 2707 1101 2787 motus,
1129 2702 1215 2785 quod
1238 2724 1342 2787 neque
1356 2730 1382 2770 a

165 2793 291 2858 disiecti
313 2814 373 2879 nce
395 2814 571 2876 paucorum
588 2792 754 2875 instinctu,
779 2791 834 2857 sed
852 2793 974 2876 pariter
991 2792 1202 2874 ardescerent,
1220 2793 1342 2875 pariter

166 2881 307 2964 silerent,
330 2885 422 2946 tanta
445 2880 640 2966 aequalitate
663 2886 695 2946 et
719 2883 908 2964 constantia,
930 2886 968 2946 ut
990 2883 1060 2966 regi
1083 2881 1235 2946 crederes.

253 2969 381 3035 Interea
409 2968 598 3036 Germanico
626 2992 684 3054 per
712 2969 846 3055 Callias,
874 2975 912 3034 ut
934 2971 1088 3054 diximus,
1117 2992 1232 3035 census
1260 2972 1340 3035 acci-
1351 2972 1394 3036 33

202 3204 243 3253 12.
278 3200 420 3268 Ubiorum,
445 3198 531 3253 deren
549 3198 726 3268 Hauptstadt
817 3205 841 3253 4.
865 3201 1003 3269 aaaapeai,
1024 3216 1046 3253 s.
1060 3199 1115 3253 den
1130 3198 1195 3253 krit.
1211 3199 1340 3269 Anhang.

166 3271 216 3324 das
236 3268 352 3340 heutige
370 3270 444 3325 Kaln
462 3272 494 3339 (c.
515 3276 558 3339 36,
573 3274 609 3338 6).
781 3302 814 3310 -
834 3272 975 3326 canaonas
995 3269 1156 3325 ‘verrenht'.

202 3348 244 3395 13.
267 3345 424 3398 vernacula.
448 3341 501 3396 Dio
517 3346 560 3409 57,
574 3347 591 3394 5
605 3342 654 3396 καὶ
672 3339 725 3410 γὰρ
818 3347 842 3396 9.
873 3341 986 3397 Caeciae
1012 3343 1132 3398 Chaerea
1159 3342 1271 3396 erstach
1299 3341 1341 3394 als

166 3413 198 3469 ἐκ
221 3421 271 3468 τοῦ
295 3414 411 3469 ἀστικοῦ
435 3412 533 3483 ὄχλου,
556 3412 606 3478 οὓς
629 3411 644 3466 ὁ
668 3412 725 3466 Aa·
780 3413 888 3467 Tribuu
916 3413 966 3467 der
990 3413 1170 3467 Prttorianer
1196 3414 1236 3467 im
1262 3413 1286 3466 J.
1306 3420 1339 3466 41

166 3501 282 3553 γουστος
300 3483 368 3553 μετὰ
386 3483 437 3554 τὴν
455 3493 505 3540 τοῦ
526 3482 641 3552 Οὐάρου
660 3500 726 3553 συμ-
781 3485 836 3538 den
843 3483 982 3553 Caligula,
996 3500 1050 3538 von
1064 3485 1128 3538 dem
1143 3501 1173 3538 er
1181 3483 1342 3553 persdnlich

166 3554 260 3624 noodr
292 3555 521 3624 προσκατέλεξεν,
555 3554 583 3610 οἱ
614 3552 726 3616 πλείους
781 3555 921 3624 beleidigt
937 3571 1002 3609 war.

166 3620 245 3695 ἦσαν.
296 3626 359 3680 Vou
388 3627 442 3682 den
467 3625 528 3680 drei
554 3627 608 3679 mit
635 3624 725 3679 Varus
817 3614 1341 3692 11.llberaaimiferoxs.ilinl.§44‚b.

165 3697 479 3768 verlorenenchionen
492 3697 726 3767 hatteAugustus
817 3703 858 3753 14,
878 3698 963 3753 altius
982 3697 1086 3752 ‘tiefer’
1106 3715 1170 3752 vom
1188 3697 1342 3753 Verstand-

166 3787 220 3822 nur
238 3770 307 3822 zwei
325 3771 428 3824 ersetzt
446 3768 511 3839 (vgl.
527 3786 550 3823 c.
565 3771 672 3837 4217),
780 3769 825 3822 nis
848 3770 902 3824 wie
925 3774 950 3834 3,
970 3774 1012 3822 26.
1038 3775 1081 3836 62,
1107 3769 1172 3823 hist.
1192 3775 1218 3837 4,
1238 3774 1287 3835 123
1305 3769 1340 3823 cf.

204 3845 246 3894 20.
266 3857 315 3895 ora
334 3842 408 3894 etna
428 3841 565 3911 ‘Zungen’
582 3840 651 3894 oder
665 3837 726 3892 ‘Cr
781 3838 837 3894 Cic.
861 3841 897 3895 ad
921 3839 987 3895 fam.
1013 3846 1037 3905 1,
1062 3846 1087 3908 9,
1110 3846 1127 3892 4
1149 3842 1235 3896 altius
1253 3843 1342 3910 paulo

166 3912 260 3982 gane'.
780 3915 913 3967 rationem
931 3913 1108 3967 consiliorum
1130 3929 1250 3967 mearam
1268 3930 1341 3982 repe·

202 3988 245 4036 22.
263 3989 467 4053 cognomentum
482 3982 605 4050 ‘Name’‚
620 3998 650 4035 so
666 3987 690 4047 2,
701 3987 725 4034 6.
781 3990 837 4038 tarn
855 4001 957 4039 arcesse
976 3988 1021 4037 eat.
1041 4015 1075 4023 -
1094 3985 1244 4038 coniectare
1267 3984 1341 4038 ‘auf-

167 4059 190 4107 9.
208 4059 241 4107 60
259 4072 286 4107 u.
307 4059 345 4120 oq
364 4052 419 4123 vgl.
438 4053 521 4123 Verg.
540 4054 609 4109 Aen.
630 4058 655 4118 1,
675 4058 724 4106 267
780 4054 884 4124 sussen,
903 4054 1080 4109 beurteilen’.
1118 4053 1175 4108 Liv.
1196 4059 1242 4121 29,
1263 4060 1305 4123 14,
1325 4061 1340 4108 9

166 4125 306 4180 Ascanius
329 4126 375 4179 cai
397 4142 472 4180 awac
489 4142 634 4196 aequamen
653 4125 725 4179 Iulo.
781 4127 957 4181 scandendo
979 4143 1034 4179 rem
1056 4132 1187 4181 vetustate
1207 4127 1340 4181 obrutam.

166 4195 229 4251 Den
251 4196 404 4250 Beinamen
430 4196 610 4251 Germanicas
633 4194 727 4248 frrhrte
818 4203 860 4251 16.
887 4197 1024 4252 ardescere
1048 4200 1130 4266 (statt
1154 4199 1250 4252 ardere
1275 4196 1342 4251 oder

166 4267 216 4322 der
241 4267 329 4322 altere
352 4267 458 4320 Drusus
484 4268 543 4320 und
566 4266 626 4320 sein
650 4266 726 4321 Sohn
781 4270 963 4338 exardescere)
973 4267 1046 4323 efter
1055 4267 1102 4322 bei
1112 4268 1236 4336 Tacitus,
1246 4267 1342 4321 truher

167 4337 278 4407 aufolge
292 4338 369 4393 eines
380 4337 666 4404 Senatsbeschlusses,
681 4355 727 4391 zu·
781 4356 835 4392 nur
852 4339 899 4393 bei
916 4338 1060 4393 Dichtern.

164 4408 268 4463 weilen
287 4408 360 4464 auch
377 4408 506 4464 Tiberius
525 4409 620 4464 sclbst.
818 4410 866 4466 36.
884 4417 907 4464 1.
922 4408 1341 4474 ceaaaadieSelbsteinschatz-

202 4480 422 4550 82.1.plarr'ara
432 4507 465 4527 =
475 4481 615 4550 complur,
625 4486 726 4549 s.4,16.
782 4499 841 4551 ung
860 4481 910 4536 der
928 4479 1074 4534 einzelnen
1092 4484 1125 4548 (c.
1141 4486 1184 4545 31,
1199 4483 1233 4546 P1).
