3092 4834
556 196 664 251 LIBER
681 197 727 251 IV.
766 196 843 252 cnP.
864 202 977 253 50-01,
1287 196 1354 261 253

179 360 354 445 Zmyrnam
377 360 411 424 in
435 359 618 424 contionem
642 359 828 423 nuntiatum
851 358 943 437 foret,
966 379 1077 424 omnes
1102 359 1156 442 qui
1180 360 1355 425 adstabant

178 449 358 514 detraxisse
387 448 514 532 corpori
539 447 685 533 tegmina
708 447 893 531 nostrisque
915 446 1100 531 legionibus
1124 447 1259 514 misisse.
1304 448 1354 513 ita

179 534 1137 690 311111031011311Μὲ332011,
1167 537 1354 690 utitur?

181 735 280 797 super
297 676 472 779 numerum?
486 676 659 799 legaretur,
678 648 732 797 qiii
750 675 865 797 te'mpli
884 646 995 777 curarii
1010 713 1195 794 susciperet
1231 715 1266 777 et
1280 677 1355 797 quiri
1374 729 1407 779 re

179 801 322 887 Lepidus
344 802 414 884 ipse
438 802 577 887 deligere
600 824 659 886 per
681 802 875 867 modestiam
894 801 1068 884 abnuebat,
1090 799 1244 865 Valerius
1262 799 1353 866 Naso

178 913 197 956 e
220 891 392 976 praetoriis
417 896 504 955 sorte
528 891 646 955 missus
669 894 728 955 est,

150 1006 153 1011 ⁴
268 977 358 1042 Inter
386 1000 468 1062 quae
495 979 550 1043 diu
573 979 729 1044 meditato
752 979 946 1063 prolatoque
970 977 1098 1061 saepius
1122 977 1258 1042 consilio
1281 979 1406 1044 tan-57

179 1067 252 1132 dem
285 1064 405 1131 Caesar
439 1067 474 1131 in
506 1064 732 1152 Campaniam,
768 1067 875 1151 specie
913 1065 1079 1131 dedicandi
1113 1066 1238 1151 templa
1271 1066 1355 1149 apud

181 1153 327 1239 Capuam
355 1154 438 1234 Iovi,
467 1156 551 1240 apud
579 1156 699 1221 Nolam
727 1155 892 1239 Augusto,
921 1155 976 1220 sed
1005 1159 1110 1219 certus
1140 1154 1252 1237 procul
1277 1154 1356 1219 urbe

180 1243 307 1329 degere.
358 1264 488 1309 oausam
519 1244 688 1309 abscessus
715 1265 912 1329 quemquam
940 1246 1069 1308 secutus
1096 1242 1254 1328 plurimos
1284 1264 1355 1308 auc·

179 1336 288 1397 torum
317 1331 358 1397 ad
383 1331 491 1397 Seiani
514 1336 600 1397 artes
623 1334 750 1417 rettuli,
778 1334 854 1416 quia
876 1336 988 1416 tamen
1011 1332 1108 1396 caede
1131 1331 1200 1396 eius
1223 1334 1355 1415 patrata
1393 1349 1409 1396 o

180 1442 236 1485 sex
259 1424 373 1504 postea
394 1442 496 1487 annos
514 1421 587 1506 pari
607 1425 729 1488 secreto
748 1422 923 1503 coniunxit,
946 1422 1135 1505 plerumque
1153 1441 1356 1504 permoveor,

179 1531 258 1573 num
286 1509 326 1573 ad
353 1511 460 1592 ipsum
485 1511 598 1574 referri
621 1510 728 1575 verius
752 1510 810 1595 sit,
838 1510 1007 1574 saevitiam
1030 1531 1067 1574 ac
1089 1508 1258 1573 libidinem
1281 1531 1355 1574 cum

179 1596 275 1662 factis
306 1600 487 1682 promeret,
518 1598 597 1664 locis
631 1599 857 1664 occultantem.
911 1602 1006 1663 erant
1037 1598 1093 1684 qui
1127 1597 1292 1661 crederent
1321 1597 1356 1661 in

182 1689 346 1751 senectute
374 1688 517 1771 corporis
547 1708 674 1771 quoque
701 1686 851 1752 habitum
879 1686 996 1772 pudori
1022 1686 1136 1766 fuisse,
1165 1685 1284 1770 quippe
1306 1685 1356 1750 illi

181 1774 390 1859 praegracilis
410 1779 443 1839 et
461 1777 596 1840 incurva
609 1777 798 1860 proceritas,
817 1775 922 1841 nudus
936 1775 1055 1859 capillo
1069 1777 1189 1857 vertex,
1209 1774 1356 1839 ulcerosa
1376 1791 1410 1839 10

180 1862 279 1927 facies
316 1884 353 1927 ac
390 1864 580 1948 plerumque
617 1864 884 1929 medicaminibus
920 1863 1140 1949 interstincta,
1179 1868 1213 1928 et
1248 1862 1356 1928 Rhodi

181 1955 304 2017 secreto
332 1951 435 2015 vitare
463 1957 588 2035 coetus,
615 1952 788 2017 recondere
810 1954 995 2038 voluptates
1017 1954 1172 2017 insuerat.
1217 1951 1357 2016 traditur

181 2039 278 2104 etiam
305 2039 418 2104 matris
447 2040 628 2124 inpotentia
651 2044 831 2126 extrusum,
860 2063 957 2125 quam
980 2041 1210 2106 dominationis
1234 2040 1356 2106 sociam

181 2128 416 2212 aspernabatur
434 2150 538 2213 neque
557 2128 717 2213 depellere
731 2132 870 2213 poterat,
893 2151 967 2194 cum
982 2129 1236 2195 dominationem
1250 2129 1356 2214 ipsam

184 2389 229 2427 wo
249 2387 279 2427 er
297 2377 332 2427 84
351 2374 405 2428 den
423 2373 572 2428 Mithridat
591 2392 654 2428 num
667 2373 744 2429 Fris·
797 2391 841 2443 cp.
862 2378 906 2426 41.
927 2404 959 2412 -
983 2373 1051 2440 quia
1068 2378 1160 2427 tamea
1178 2374 1247 2425 statt
1266 2378 1357 2428 tamea

182 2442 237 2497 den
255 2461 362 2513 awang.
796 2447 873 2514 quie,
893 2443 945 2496 wie
960 2441 1053 2508 Quint.
1069 2448 1093 2510 1,
1108 2446 1133 2508 5,
1148 2446 1183 2495 34
1196 2460 1262 2497 nam
1275 2444 1357 2498 etiam

219 2518 260 2568 14.
280 2500 356 2568 Uber
377 2515 475 2570 Viciae
492 2515 549 2585 vgl
565 2522 590 2583 2,
606 2520 654 2581 743
672 2518 743 2571 fiber
796 2517 845 2585 qui
859 2515 1001 2583 complexu
1014 2514 1149 2568 orationis
1162 2515 1284 2568 acaum
1297 2532 1357 2569 eum

183 2584 373 2654 M'.Lepidua
387 2591 465 2655 3,11.
488 2618 518 2626 -
538 2604 571 2642 ea
585 2587 742 2656 prouincia,
797 2585 1002 2654 (soloecismum)
1011 2586 1185 2651 contuntur:
1193 2586 1260 2653 quia
1268 2590 1357 2640 tomen

183 2671 220 2709 sc.
239 2656 319 2711 Asia.
646 2697 649 2700 .
798 2657 883 2711 anius
920 2656 1105 2710 emendatione
1140 2656 1216 2708 verbi
1252 2657 1355 2726 corripi

220 2730 262 2780 10.
290 2743 372 2796 saper
389 2745 532 2783 nummum
550 2735 595 2784 ott.
633 2729 673 2782 Zu
690 2729 742 2782 Le·
794 2729 895 2796 possit,
913 2728 944 2780 ia
962 2726 1041 2779 vebo
1059 2741 1113 2780 esee
1130 2726 1237 2791 citima,
1255 2741 1312 2780 eoa
1325 2727 1357 2781 in

183 2797 270 2877 gaten
283 2798 406 2852 wahlten
420 2799 481 2852 sich
494 2798 540 2853 die
554 2799 742 2869 Propr'atoren
795 2814 916 2852 emmone
937 2797 1116 2863 contendunt,
1139 2795 1242 2849 Justin.
1265 2800 1313 2863 23,
1340 2801 1356 2850 3

185 2884 216 2919 m
239 2866 289 2921 der
307 2869 397 2938 Regel
419 2870 502 2923 einen
520 2868 659 2925 Prbtorier
683 2873 741 2940 (ge-
796 2886 857 2924 eum
870 2870 995 2934 asperior
1007 2868 1114 2935 suisset,
1127 2869 1357 2936 quoniamtumen

185 2954 314 2993 wesenen
340 2940 463 3007 Prator),
491 2939 537 2994 die
566 2941 741 2996 Prohonsuln
796 2958 814 2994 u
842 2938 941 2995 Sicilie
969 2939 1069 3004 abiret,
1093 2954 1148 3007 pro
1170 2939 1241 2992 uicto
1262 2939 1358 3009 supere

184 3009 408 3066 dreiKonsulare
424 3012 491 3066 oder
504 3011 742 3067 auenahmsweise
795 3012 871 3065 visua
889 3015 935 3065 est.
951 3024 1045 3063 —sec
1063 3025 1152 3063 aanor
1168 3040 1201 3049 -
1212 3010 1358 3065 coniecerit

182 3080 331 3137 Pretorier.
798 3082 840 3136 ‘er
867 3079 984 3135 brachte
1012 3080 1092 3134 sechs
1114 3080 1201 3135 Jahre
1224 3081 1357 3134 ununter·

219 3150 268 3207 tr.
303 3159 325 3206 1.
354 3155 501 3208 meditatus
519 3153 562 3207 als
581 3152 692 3220 Passiv;
720 3171 742 3207 s.
796 3152 919 3207 brochon
942 3150 1001 3218 au',
1026 3151 1061 3204 cf.
1081 3158 1110 3218 6,
1130 3156 1172 3206 20.
1214 3150 1267 3204 Die
1291 3151 1359 3205 Hin-

182 3239 217 3275 au
235 3229 261 3290 3,
280 3228 304 3278 e.
796 3224 927 3291 richtung
945 3223 994 3277 des
1010 3220 1094 3291 Sejan
1108 3220 1212 3291 erfolgt
1225 3222 1264 3275 im
1277 3222 1302 3276 J.
1315 3228 1357 3276 31.

220 3297 246 3345 2.
265 3294 296 3346 in
308 3293 496 3361 Germaniam,
512 3293 742 3349 selbstverstand-
833 3300 858 3349 6.
872 3295 1033 3362 plerumque
1046 3308 1217 3361 permoveor,
1237 3309 1305 3346 num
1324 3318 1358 3339 =

186 3359 244 3413 lich
256 3365 394 3430 profectus
408 3370 446 3418 est
460 3365 528 3418 oder
541 3365 676 3420 abscessit
706 3365 742 3419 So
794 3379 963 3432 permoveor,
990 3369 1023 3418 at
1044 3380 1187 3433 quaeum,
1209 3380 1277 3416 nam
1301 3363 1360 3418 ‘oft

184 3429 258 3485 fehlt
280 3433 330 3487 das
349 3432 424 3487 Verb
443 3434 492 3487 der
511 3433 672 3505 Bcwegung
691 3454 744 3489 nur
797 3433 876 3487 fuhle
889 3436 936 3489 ich
949 3435 1026 3489 mich
1038 3432 1193 3489 veranlasst
1206 3433 1358 3502 sufragen,

185 3503 259 3556 noch
279 3508 321 3570 14,
340 3507 357 3556 8
375 3505 448 3573 quod
465 3520 542 3560 nemo
560 3522 579 3558 a
596 3507 654 3572 filio
673 3505 743 3575 (scil.
798 3506 833 3559 ob
856 3503 937 3559 nicht
958 3505 1110 3560 vielmehr’
1137 3506 1214 3574 (aum
1239 3521 1287 3557 zur
1304 3503 1358 3560 Be-

184 3574 311 3643 nenate),
338 3574 395 3629 viu
418 3575 545 3643 hcufigar
567 3575 613 3630 bu
638 3575 743 3645 cicero,
796 3574 1253 3646 jahungneigendwiee,ea,1a).
1281 3562 1357 3629 lun-
1396 3620 1398 3626 ,

185 3644 358 3699 namentlich
380 3644 411 3699 in
434 3644 489 3699 den
511 3644 636 3714 briefen,
664 3665 688 3701 a.
711 3647 742 3701 B.
798 3646 856 3700 lich
883 3648 1006 3701 addam
1032 3647 1086 3700 mit
1110 3647 1175 3701 Ace.
1200 3663 1224 3702 c.
1248 3646 1299 3702 1nf.
1324 3672 1358 3693 =

185 3715 222 3769 ad
245 3715 311 3770 fam.
337 3720 383 3783 10,
402 3719 438 3769 24
457 3722 528 3785 puto
545 3722 689 3786 utrumque
707 3720 744 3773 ad
798 3717 931 3783 adducor,
948 3723 980 3772 ut
996 3719 1103 3773 emam
1119 3718 1176 3772 ‘ich
1191 3717 1269 3772 seule
1283 3716 1359 3772 mich

185 3803 273 3855 oquae
290 3784 362 3856 (soil.
377 3788 556 3857 profectam),
575 3788 611 3842 ed
625 3788 685 3844 Att.
702 3795 743 3857 11,
797 3787 952 3842 veranlasst
970 3806 1002 3842 zu
1021 3789 1158 3858 glauben,
1178 3788 1266 3855 dah',
1285 3807 1308 3842 z.
1326 3787 1358 3843 Β.

185 3862 257 3926 22,2
276 3859 325 3928 qui
342 3874 369 3912 se
382 3863 484 3929 negant
497 3875 613 3928 aequom
626 3860 744 3929 (prosse
799 3858 854 3914 Cic.
882 3876 933 3929 pro
961 3859 1069 3915 Cluent.
1093 3864 1212 3927 31,104
1244 3860 1361 3914 adducti

186 3930 274 3998 teos)
297 3928 356 3981 und
379 3929 460 3983 olter.
473 3940 482 3949 “
497 3929 563 3997 Vgl.
587 3929 654 3984 Sall.
679 3929 742 4001 Jug.
798 3930 902 3985 iudices
933 3937 1011 3997 auat,
1043 3947 1100 3985 ace
1130 3931 1209 3984 modo
1236 3930 1360 3998 potuisse

188 4003 252 4066 100,
277 4004 292 4052 1
312 4001 377 4054 dein
396 4001 524 4067 Moriar,
546 4002 591 4056 uti
612 4008 743 4072 coeperat,
797 4018 875 4056 ream
892 4002 1068 4057 condemnari
1086 4005 1143 4068 ott,
1163 4000 1197 4056 of.
1217 4006 1243 4069 3,
1262 4006 1303 4054 22.

184 4070 217 4124 in
234 4071 357 4127 baberua.
837 4078 877 4127 10.
897 4073 1019 4127 ulceroso
1036 4071 1122 4139 facies
1137 4100 1170 4110 -
1184 4073 1359 4127 interstincta

222 4144 247 4195 3.
280 4129 355 4196 liber
378 4143 456 4210 opud
479 4143 602 4198 stettin
626 4162 647 4198 s.
670 4143 743 4200 nint.
801 4143 859 4197 ‘ein
882 4143 997 4196 Geeioht
1019 4141 1109 4197 voller
1128 4141 1277 4196 Schwaren
1301 4143 1358 4196 und

186 4215 209 4276 ἐ.
225 4216 267 4266 00.
283 4242 316 4252 -
331 4217 418 4268 certus
436 4229 460 4268 c.
478 4213 554 4269 infin.
573 4215 647 4269 nach
661 4213 744 4286 Verg.
799 4213 854 4268 mit
871 4213 1009 4267 Pflastern
1027 4213 1079 4265 wie
1097 4212 1199 4268 besat’.

186 4281 255 4337 Aen.
275 4288 300 4350 4,
320 4288 371 4338 003
391 4290 464 4339 cerro
481 4286 558 4339 mori.
837 4289 879 4338 12,
902 4285 1025 4339 traditur
1043 4282 1215 4337 honstruiert
1232 4283 1285 4337 wie
1303 4299 1358 4337 ere·

224 4356 248 4405 5.
281 4352 333 4407 Die
360 4352 466 4409 Motive
498 4354 548 4409 des
576 4354 696 4410 Seianus
723 4374 745 4411 s.
800 4356 887 4423 ditur,
905 4354 962 4423 vgl.
976 4358 1003 4420 2,
1018 4358 1060 4406 69.

241 4449 294 4490 Tae.
308 4449 391 4491 AnneL
405 4451 423 4492 I.
438 4453 456 4491 2.
480 4455 499 4494 0.
509 4451 568 4495 Aua
1114 4445 1145 4492 17
