3092 4834
251 253 317 319 282
397 257 428 311 P.
449 254 622 311 CORNELII
639 255 761 311 TACITI
778 256 828 310 AB
846 255 1009 313 Excussa
1028 256 1108 312 DIVI
1124 257 1283 315 AUGUSTI

251 420 284 482 et
306 418 468 500 promisca
491 418 643 484 dabitur?
667 420 767 484 immo
790 421 887 486 iustis
910 419 1057 485 terminis
1082 420 1254 488 dividatur.
1289 421 1438 488 insidiae

250 507 286 571 in
308 527 378 570 rem
400 507 575 590 publicam,
597 507 734 573 consilio
758 507 865 573 caedis
890 507 1060 574 adversum
1083 509 1312 593 imperatorem
1335 512 1438 595 puni·

251 598 359 659 antur:
389 594 427 659 de
451 596 594 661 amicitia
617 600 650 661 et
673 596 790 662 officiis
813 596 899 661 idem
922 597 998 663 linis
1022 600 1055 663 et
1077 601 1125 683 te,
1153 595 1287 682 Caesar,
1311 605 1344 663 et
1366 621 1433 664 nos

197 698 231 747 ³0
251 682 449 749 absolverit?

7 804 8 875 p
211 771 230 834 9
340 770 534 839 Constantia
561 774 731 858 orationis,
762 778 795 839 et
822 775 899 859 quia
925 777 1072 859 repertus
1101 778 1183 858 erat,
1211 774 1265 859 qui
1289 775 1435 861 efferret,

7 878 8 885 ¹
250 882 334 944 quae
357 882 469 926 omnes
491 862 599 927 animo
619 863 798 947 agitabant,
822 885 859 929 eo
879 885 981 948 usque
999 866 1142 947 potuere,
1165 868 1204 928 ut
1222 867 1430 929 accusatores

250 950 331 1033 eius,
359 949 478 1015 additis
506 972 589 1034 quae
618 955 693 1016 ante
721 951 937 1037 deliquerant,
964 952 1062 1017 exilio
1093 955 1150 1017 aut
1176 956 1281 1016 morte
1308 953 1430 1017 multa·

246 1041 366 1103 rentur.

216 1141 232 1190 o
341 1124 476 1192 Secutae
510 1127 625 1193 dehinc
656 1126 779 1192 Tiberii
810 1128 941 1193 litterae
972 1129 1007 1193 in
1040 1127 1111 1193 Ser.
1135 1127 1302 1194 Vistilium
1332 1151 1427 1213 prae·

249 1215 379 1298 tarium,
403 1237 499 1300 quem
521 1214 628 1280 Druso
651 1216 747 1280 fratri
771 1238 940 1301 percarum
964 1217 998 1282 in
1021 1217 1189 1283 cohortem
1210 1239 1302 1282 suam
1320 1222 1427 1283 trans·

249 1303 377 1369 tulerat
420 1326 518 1368 causa
541 1304 728 1370 offensionis
751 1304 887 1370 Vistilio
910 1305 982 1390 fuit,
1005 1327 1063 1371 seu
1081 1310 1310 1389 composuerat
1328 1328 1426 1390 quae-

249 1393 323 1458 dam
346 1394 382 1457 in
405 1391 522 1458 Gaium
541 1393 713 1458 Caesarem
732 1397 770 1458 ut
788 1394 996 1478 impudicum,
1019 1395 1088 1460 sive
1105 1394 1183 1459 ficto
1201 1394 1316 1460 habita
1334 1394 1426 1462 fides.

249 1485 347 1566 atque
379 1481 422 1546 ob
454 1481 488 1547 id
520 1482 670 1547 convictu
701 1483 857 1566 principis
890 1482 1074 1568 prohibitus
1102 1505 1175 1548 cum
1203 1483 1297 1548 senili
1324 1505 1425 1548 manu

196 1583 229 1632 10
248 1570 371 1634 ferrum
392 1571 630 1655 temptavisset,
653 1571 781 1657 obligat
802 1592 917 1659 venas3
939 1575 1153 1657 precatusque
1172 1593 1230 1655 per
1248 1571 1424 1656 codicilloS,

248 1659 368 1724 immiti
386 1658 545 1743 rescripto
564 1681 663 1725 venas
681 1660 826 1725 resolvit.
859 1661 1035 1725 acervatim
1054 1682 1092 1724 ex
1111 1681 1150 1724 ea
1165 1662 1291 1725 Annius
1305 1659 1424 1744 Pollio,

247 1748 374 1831 Appius
412 1746 541 1812 Silanus
578 1746 698 1812 Scauro
730 1747 894 1813 Mamerco
925 1749 1022 1814 simul
1054 1769 1092 1813 ac
1125 1746 1246 1814 Sabino
1278 1746 1422 1814 Calvisio

246 1837 428 1901 maiestatis
450 1836 666 1920 postulantur,
685 1842 719 1901 et
737 1834 929 1903 Vinicianus
948 1836 1090 1902 Pollioni
1107 1837 1195 1921 patri
1214 1837 1425 1922 adiciebatur,

246 1925 327 1989 olari
353 1946 457 2010 genus
488 1930 522 1989 et
550 1924 678 2008 quidem
705 1926 841 1989 summis
864 1926 1052 1991 honoribus.
1099 1929 1423 2010 contremuerantque

282 2155 325 2203 29.
344 2151 410 2218 aaa
427 2150 486 2235 scil.
506 2152 644 2207 amatrice
661 2157 687 2207 ct
702 2153 807 2221 officio-
860 2153 1241 2237 solemnqaopacnoaimoatem
1252 2158 1421 2235 acceparat

244 2237 311 2348 'li
325 2221 581 2362 latitabo,
599 2299 625 2361 3,
639 2299 683 2350 41.
779 2365 785 2376 ¹
859 2224 1422 2363 lilltlmalilllltiiitfllflilii

280 2367 306 2417 2.
314 2368 427 2432 praere
444 2366 498 2419 mit
512 2364 603 2419 einem
614 2363 735 2433 Adverb,
750 2381 804 2419 wre
858 2365 957 2433 quodsi
974 2366 1107 2421 mandam
1125 2366 1230 2433 efficere
1250 2370 1338 2434 potest
1358 2381 1422 2419 coa·

246 2432 325 2489 Caes.
343 2435 371 2490 b.
391 2433 422 2490 G.
439 2442 463 2504 1,
480 2439 554 2504 18,11
573 2437 650 2505 opud
670 2437 805 2504 finitimos
858 2452 955 2490 carsae
968 2441 1129 2504 atomorum,
1147 2452 1197 2492 car
1206 2437 1355 2506 porticam,
1368 2452 1420 2491 car

243 2506 368 2562 civitates
386 2508 499 2577 larpita
512 2522 599 2575 posse.
857 2507 996 2575 temptam,
1009 2523 1058 2560 car
1070 2508 1188 2575 domasa,
1201 2523 1251 2561 car
1260 2507 1353 2561 arbem
1362 2523 1420 2560 aoa

281 2583 306 2633 6.
324 2579 426 2644 cohors,
446 2577 570 2631 ntmlich
585 2578 743 2645 amiseram,
759 2576 805 2631 die
857 2578 963 2645 potest?
991 2593 1060 2645 qaae
1077 2583 1143 2631 saat
1160 2579 1253 2632 miaac
1265 2593 1378 2646 operosa
1393 2584 1420 2632 et

244 2648 361 2702 nachstc
380 2648 549 2717 Umgebuag
568 2649 617 2702 des
634 2646 754 2702 Kaisers.
858 2649 943 2702 malto
960 2649 1069 2716 qaidcra
1086 2649 1227 2715 faciliora,
1247 2655 1272 2715 3,
1283 2653 1308 2714 9,
1318 2652 1352 2701 23
1366 2649 1420 2702 isto

280 2722 323 2775 11.
344 2721 458 2774 Aaaiaa
475 2719 567 2774 Pollio
589 2718 629 2773 ist
649 2717 699 2772 der
717 2718 806 2774 Vater
858 2719 937 2774 modo
947 2720 1029 2774 ctiam
1038 2719 1310 2788 disertasctqaidcm
1318 2719 1421 2773 matte-

244 2788 294 2843 des
335 2790 460 2845 nachher
499 2792 659 2858 genannten
696 2789 806 2844 Annius
857 2791 1005 2858 metticae,
1036 2791 1169 2857 masiae,
1201 2791 1278 2845 omai
1304 2789 1420 2857 denique

243 2858 422 2930 Vinicianus,
459 2861 581 2915 welcher
616 2862 711 2930 spater
741 2878 805 2914 aum
858 2861 985 2916 doctrino
1011 2861 1149 2927 surditas,
1172 2865 1308 2930 postremo
1327 2861 1418 2929 pbil-

244 2930 417 3000 Nachlolger
452 2933 501 2985 des
539 2930 669 2999 Caligula
704 2948 805 3000 vorge·
857 2933 958 3001 sophae
989 2933 1042 2986 erit
1067 2933 1193 2986 maridas.
1241 2931 1280 2984 Zu
1307 2930 1419 2999 Anlang

244 2998 379 3068 schlagen
388 3001 467 3068 wird,
476 3002 515 3054 im
524 3002 550 3055 J.
561 3007 595 3055 42
605 3001 803 3056 denOamillus
858 3001 908 3056 des
936 3002 1032 3057 Sabaea
1062 2999 1127 3056 bist.
1147 3008 1173 3068 2,
1193 3007 1269 3069 68,1
1303 3000 1418 3071 (wenig-

244 3069 274 3122 in
287 3069 448 3125 Dalmatica
462 3072 624 3140 veranlalst
637 3072 698 3126 sich
711 3088 804 3141 gagen
857 3076 934 3127 stens
952 3071 1126 3142 fiberliefert)
1150 3079 1175 3127 ct
1197 3074 1305 3142 quidem
1325 3077 1419 3140 portes

244 3139 377 3196 Claudius
396 3159 430 3193 au
449 3148 588 3211 emperor,
607 3143 673 3210 und,
693 3142 735 3196 als
752 3145 803 3198 das
857 3149 905 3209 (so.
945 3146 1032 3198 victos
1072 3145 1257 3213 victricesque)
1302 3144 1417 3198 modeste

243 3209 452 3267 Unternehmen
461 3212 640 3282 fehlschlagt,
649 3213 709 3267 sich
719 3215 802 3269 totet.
856 3215 1032 3283 distraxerat,
1042 3214 1160 3283 ngCic.
1172 3213 1207 3269 de
1217 3212 1354 3283 div.1‚49‚
1366 3218 1416 3267 112

282 3287 322 3335 12.
360 3268 436 3337 llber
462 3282 590 3352 Silaaas,
617 3283 725 3338 Konsul
752 3285 803 3340 des
856 3291 882 3340 ct
903 3287 1012 3354 quidem
1029 3287 1101 3339 idam
1114 3287 1224 3355 primas
1241 3286 1416 3352 defectionem

242 3351 267 3406 J.
282 3358 324 3407 aa.
339 3371 366 3409 n.
379 3353 452 3423 aha,
468 3373 489 3411 s.
504 3362 530 3423 a,
544 3360 659 3410 cc-co.
670 3387 703 3395 -
715 3355 802 3411 acca
855 3357 922 3412 sola
949 3357 1122 3426 praaiasa
1147 3358 1250 3423 feam,
1283 3361 1309 3423 a,
1324 3360 1367 3424 ac,
1382 3360 1415 3409 a

242 3440 293 3479 ras
310 3424 350 3478 ist
367 3424 413 3479 ein
430 3425 613 3481 talentvoller
631 3427 755 3495 Redner,
780 3445 801 3482 s.
855 3433 881 3481 ct
902 3429 1010 3497 qaidcm
1033 3429 1079 3483 illc
1102 3428 1222 3495 dicebat,
1246 3426 1283 3479 ad
1300 3425 1369 3480 fam.
1389 3431 1414 3493 9,

244 3502 268 3563 1,
284 3501 325 3550 13.
351 3526 384 3536 -
407 3499 490 3552 cimai
508 3499 545 3553 ist
563 3498 755 3566 Pr'aposition‚
780 3516 801 3552 s.
856 3503 898 3567 22,
920 3504 938 3552 4
960 3505 985 3554 et
1015 3499 1124 3568 pacem
1154 3499 1213 3552 iam
1242 3498 1325 3553 mom
1357 3512 1414 3551 aaa

241 3583 276 3620 au
294 3571 320 3636 8,
334 3573 381 3635 643
400 3566 447 3622 bei
463 3568 540 3623 einer
554 3568 733 3638 Aufzuhlung
746 3585 803 3623 von
855 3570 969 3624 obsccao
1004 3570 1086 3624 acrba
1113 3585 1169 3639 pro
1200 3568 1323 3623 obsccais
1350 3574 1415 3622 caat

241 3636 447 3708 Eigennamen,
470 3639 524 3693 wie
541 3639 616 3707 hier,
635 3639 707 3694 auch
725 3644 751 3705 4,
767 3644 801 3693 55
857 3639 901 3706 (cf.
925 3638 1043 3695 Mueller
1075 3637 1130 3693 cie.
1153 3638 1184 3694 P.
1208 3639 1247 3692 lV
1277 3639 1331 3692 vol.
1350 3638 1364 3690 Ι
1386 3655 1413 3707 p.

240 3707 409 3764 Laodiccais
422 3727 456 3765 ac
471 3711 650 3781 Moyactibas
663 3711 754 3765 simal.
768 3741 800 3749 —
857 3709 964 3779 XLIV).
998 3740 1031 3751 -
1064 3709 1129 3765 Von
1166 3709 1221 3763 den
1253 3709 1415 3779 genannten

242 3780 381 3836 Calvisius
403 3781 526 3836 Sabiaas
550 3796 610 3836 aar
631 3779 740 3835 Konsul
761 3782 801 3835 im
856 3780 993 3835 Mtnncrn
1021 3781 1098 3836 steht
1125 3799 1155 3835 es
1182 3780 1250 3848 fest,
1284 3779 1346 3834 dass
1374 3777 1414 3833 aie

233 3850 266 3908 'J.
286 3856 329 3907 26.
855 3852 1029 3915 Konsularen
1051 3869 1158 3921 waren,
1183 3869 1237 3905 nur
1259 3848 1339 3905 nicht
1360 3865 1415 3903 von

280 3927 320 3975 14.
345 3923 415 3978 clari
432 3938 525 3993 pcaas.
562 3923 598 3977 So
616 3922 668 3977 hat
685 3922 801 3977 Tacitus
856 3921 1032 3991 Vinicianus3
1056 3923 1124 3977 aber
1143 3923 1216 3976 auch
1235 3921 1326 3977 dieser
1343 3919 1414 3975 wad

241 3992 296 4046 den
310 3992 505 4063 griechischen
518 3992 670 4048 Accusatio
685 3995 734 4047 der
750 3994 801 4047 Be·
855 4009 885 4047 es
899 4010 1029 4063 gewesen
1043 3991 1112 4060 sein,
1127 3993 1164 4048 da
1177 4023 1211 4033 -
1226 3993 1280 4048 wie
1293 3989 1414 4061 Nipper-

240 4061 361 4133 ziehung
378 4063 426 4120 bei
444 4066 499 4119 den
515 4063 685 4134 Adjektiven
698 4065 800 4130 aadas,
855 4065 909 4133 dey
935 4064 1041 4133 richtig
1066 4064 1198 4119 bomerlrt
1220 4094 1253 4104 -
1278 4062 1324 4118 ein
1350 4062 1414 4115 sehr

240 4137 325 4201 tatas,
344 4136 476 4205 faciolas,
494 4152 579 4207 ceper.
600 4166 633 4175 -
650 4141 675 4189 et
693 4136 801 4204 paidom
852 4136 954 4205 jungor
989 4135 1130 4191 Konsular
1168 4133 1334 4189 schwerlich
1372 4133 1413 4186 als

241 4227 275 4247 =
285 4209 365 4272 otqae
378 4209 465 4260 achon
479 4207 552 4261 after
566 4206 612 4261 bei
622 4204 727 4274 Cicero,
737 4224 759 4260 a.
767 4205 800 4260 B.
854 4205 1088 4260 Thronkandidat
1110 4205 1275 4275 aufgeatellt
1299 4202 1413 4259 worden

241 4271 276 4325 da
303 4274 360 4326 nat.
389 4274 464 4330 deor.
487 4283 512 4341 2,
529 4283 570 4344 15,
586 4283 619 4331 41
648 4294 710 4332 cam
735 4278 801 4332 solis
854 4280 937 4330 aare.
952 4306 985 4316 -
998 4275 1411 4332 sammaaoaora'basistnatflr·

240 4342 315 4409 ipais
330 4343 429 4424 similis
447 4362 540 4401 coraar
557 4350 665 4416 ipaiam
682 4348 732 4414 ait,
752 4349 802 4416 qai
854 4347 912 4401 lich
925 4347 989 4403 Abl.
1003 4347 1077 4417 qual.
1097 4348 1155 4402 und
1169 4345 1250 4401 nicht
1268 4348 1342 4400 etwa
1359 4346 1413 4398 mit

240 4416 306 4465 caat
343 4428 375 4465 aa
410 4418 570 4483 corporibus
605 4420 800 4485 aaimaatiam,
854 4419 926 4473 clari
943 4436 976 4471 aa
994 4417 1155 4473 verbinden.
