3092 4834
535 294 645 348 nlssna
662 294 709 350 lv.
747 293 822 348 oar.
842 300 955 349 40-41.
1264 297 1328 361 241

158 456 283 540 pridem
311 459 461 540 equestre
488 456 657 541 fastigium
680 458 840 541 longeque
864 457 985 521 antisse
1008 457 1111 541 patris
1134 459 1198 522 mei
1221 460 1330 524 amici·

159 544 222 609 tias
251 566 318 609 non
348 545 465 610 occulti
494 544 604 609 ferunt
627 567 747 629 perque
770 545 927 609 invidiam
950 546 998 609 tui
1021 565 1073 608 ms
1095 566 1221 629 quoque
1243 548 1331 612 incu-

159 637 242 698 sant.
288 641 322 696 at
351 633 437 697 enim
460 635 630 717 Augustus
660 634 760 697 filiam
790 656 882 698 suam
908 633 1009 718 equiti
1031 631 1180 698 Romano
1203 635 1330 700 tradere

158 721 332 786 meditatus
356 726 414 785 est.
460 722 578 786 mirum
601 721 741 805 hercule,
765 723 802 804 si,
826 744 899 787 cum
921 722 956 785 in
980 722 1085 786 omnis
1104 742 1198 786 curas
1217 721 1331 787 distra-

158 809 290 874 heretur
320 809 575 894 immensumque
609 810 718 875 attolli
749 810 946 894 provideret,
980 831 1075 894 quem
1108 810 1330 876 coniunctione
1349 829 1383 877 25

158 897 217 962 tali
247 918 344 982 super
371 899 452 963 alios
478 899 660 981 extulisset,
688 896 725 963 O.
747 898 949 963 Proculeium
974 903 1007 962 11
1030 897 1187 981 quosdam
1210 899 1244 962 in
1267 920 1332 963 ser-

158 986 309 1051 monibus
332 986 449 1052 habuit
471 986 594 1071 insigni
615 987 853 1071 tranquillitate
876 989 971 1071 vitae,
994 986 1093 1050 nullis
1116 986 1332 1068 reipublicae

158 1075 299 1159 negotiis
337 1076 526 1159 permixtos.
585 1075 640 1139 sed
677 1075 706 1139 si
743 1075 945 1141 dubitatione
977 1075 1119 1158 Augusti
1157 1096 1332 1158 movemur,

158 1167 279 1248 quanto
307 1164 446 1228 validius
474 1167 538 1243 est,
567 1163 652 1247 quod
675 1162 785 1228 Marco
809 1163 988 1248 Agrippae,
1016 1184 1093 1227 mox
1120 1161 1202 1226 mihi
1225 1162 1331 1227 conlo·

157 1251 265 1317 cavit?
311 1254 409 1336 atque
438 1273 498 1336 ego
526 1252 605 1316 haec
633 1274 693 1336 pro
723 1252 868 1316 amicitia
894 1273 961 1316 non
988 1250 1160 1316 occultavi:
1189 1254 1385 1317 1111111111

157 1361 260 1424 neque
283 1342 350 1405 tuis
373 1363 476 1425 neque
495 1341 605 1407 Liviae
624 1340 795 1404 destinatis
815 1341 1019 1405 adversabor.
1060 1340 1131 1423 ipse
1149 1340 1226 1423 quid
1245 1340 1333 1404 intra

158 1430 303 1494 animum
326 1429 555 1511 salutaverim,
584 1430 699 1513 quibus
724 1429 828 1493 adhuc
851 1428 1140 1494 necessitudinibus
1162 1428 1333 1493 inmiscere

155 1521 189 1582 te
218 1518 299 1582 mihi
321 1540 446 1603 parem,
475 1519 624 1582 omittam
649 1519 689 1582 ad
712 1540 867 1601 praesens
890 1517 1022 1582 referre:
1050 1517 1084 1580 id
1106 1521 1236 1581 tantum
1259 1539 1333 1601 ape·

157 1607 250 1690 riam,
272 1606 355 1671 nihil
379 1627 449 1671 1111
470 1611 537 1671 tam
558 1607 727 1690 excelsum,
751 1607 837 1691 quod
855 1628 919 1671 non
937 1605 1074 1671 virtutes
1092 1606 1175 1669 istae
1194 1608 1332 1690 tuusque

156 1694 192 1758 in
220 1716 272 1758 me
298 1696 425 1759 animus
450 1692 648 1777 mereantur,
675 1696 817 1779 datoque
840 1699 985 1778 tempore
1009 1695 1060 1760 vel
1083 1694 1118 1757 in
1141 1696 1258 1758 senatu
1283 1693 1331 1758 vel
1351 1708 1385 1756 35

156 1782 191 1846 in
214 1784 365 1847 contione
389 1804 455 1847 non
478 1782 640 1849 reticebo?

246 1870 387 1935 Rursum
421 1867 571 1952 Seianus,
607 1894 673 1936 non
708 1874 774 1938 iam
811 1873 850 1937 de
887 1871 1110 1955 matrimonio,
1145 1870 1202 1936 sed
1235 1871 1383 1935 11111141

157 1964 316 2042 metuens,
337 1959 440 2023 tacita
464 1960 693 2042 suspicionum,
716 1962 809 2045 vulgi
830 1983 1002 2044 rumorem,
1025 1961 1231 2044 ingruentem
1250 1959 1334 2024 invi-

156 2046 244 2110 diam
273 2046 472 2130 deprecatur.
523 2069 559 2111 ac
587 2069 627 2111 ne
657 2048 807 2113 adsiduos
835 2051 869 2113 in
896 2050 1028 2115 domum
1056 2054 1165 2114 coetus
1194 2048 1333 2113 arcendo

157 2134 352 2220 infringeret
373 2134 557 2219 potentiam
581 2139 638 2199 aut
660 2137 856 2220 receptando
877 2137 1065 2202 facultatem
1085 2138 1332 2202 criminantibus

156 2224 338 2308 praeheret,
355 2223 420 2288 huc
439 2223 537 2301 flexit,
556 2227 593 2287 ut
612 2223 777 2289 Tiberium
797 2224 837 2289 ad
856 2225 956 2289 vitam
975 2227 1087 2309 procul
1102 2225 1206 2290 Roma
1226 2247 1331 2291 amoe-
1369 2241 1385 2290 5

156 2312 208 2376 nis
232 2312 314 2377 locis
339 2310 517 2395 degendam
542 2312 733 2396 impelleret.
779 2313 881 2376 multa
904 2313 1024 2397 quippe
1046 2314 1251 2396 providebat:
1275 2336 1333 2381 sua

156 2400 193 2464 in
225 2422 323 2465 manu
355 2401 463 2464 aditus
496 2400 740 2484 litterarumque
773 2421 895 2485 magna
924 2422 963 2463 ex
990 2404 1085 2482 parte
1114 2423 1148 2464 se
1176 2401 1333 2464 arbitrum

156 2487 242 2572 fore,
275 2510 347 2553 cum
375 2510 433 2573 per
462 2488 582 2552 milites
612 2493 843 2572 commearent,
876 2510 952 2553 mox
980 2486 1151 2552 Caesarem
1179 2494 1332 2571 vergente

156 2577 222 2640 iam
252 2582 382 2642 senecta
411 2580 599 2660 secretoque
628 2577 692 2641 loci
721 2578 883 2642 mollitum
913 2577 1025 2640 munia
1052 2577 1179 2660 imperii
1204 2575 1332 2640 facilius

156 2666 398 2748 tramissurum3
419 2669 452 2728 et
470 2665 574 2729 minui
594 2665 657 2730 sibi
671 2666 829 2730 invidiam
844 2666 997 2749 adempta
1012 2664 1211 2728 salutantum
1226 2666 1333 2746 turba,
1353 2684 1387 2732 10

159 2753 360 2837 sublatisque
383 2754 535 2817 inanibus
559 2775 668 2817 veram
691 2755 874 2839 potentiam
893 2754 1014 2837 augeri.
1054 2753 1156 2838 igitur
1174 2753 1332 2836 paulatim

157 2841 291 2923 negotia
318 2841 423 2923 urbis,
450 2842 563 2925 populi
589 2842 756 2925 adcursus,
784 2841 1024 2906 multitudinem
1048 2841 1260 2907 adfluentium
1283 2842 1333 2904 in-

158 2932 278 3013 crepat,
303 2929 461 2993 extollens
484 2928 635 2994 laudibus
659 2932 800 3014 quietem
825 2935 858 2995 et
880 2929 1098 3013 solitudinem,
1122 2930 1195 3014 quis
1218 2929 1332 2994 abesse

157 3017 265 3082 taedia
289 3022 321 3081 et
344 3017 537 3082 offensiones
562 3040 599 3083 ac
622 3020 796 3103 praecipua
819 3040 925 3083 rerum
949 3017 1089 3083 maxime
1113 3017 1240 3102 agitari.

155 3259 222 3313 quos
253 3249 278 3298 11
307 3246 444 3299 11111111
470 3246 525 3312 uis,
557 3245 716 3301 modestiam
769 3247 961 3300 inmisceamur
997 3250 1106 3313 cavent,
1142 3262 1177 3300 11
1216 3247 1333 3302 societur

154 3319 232 3369 tuam
245 3315 450 3383 perrumpunt!
769 3318 891 3386 sanquis.
929 3315 1058 3371 Tiberius
1081 3315 1136 3369 soll
1161 3319 1255 3385 spatas
1278 3318 1333 3371 den

190 3390 234 3439 21.
253 3385 391 3439 amicitias
405 3411 439 3430 =
454 3387 562 3440 amicos.
587 3391 612 3456 5,
631 3393 656 3442 2.
771 3387 856 3457 Sejan
870 3386 923 3441 mit
937 3387 987 3440 der
999 3386 1016 3440 J
1019 3386 1083 3454 ulia,
1102 3385 1226 3441 Tochter
1239 3387 1331 3441 seines

191 3460 234 3510 22.
252 3470 309 3508 111
327 3457 425 3510 occulti
442 3456 536 3521 ferunt
560 3455 669 3512 ‘lassen
688 3473 716 3510 es
772 3456 880 3511 Sohnes
898 3458 1014 3525 Drusus,
1034 3456 1146 3514 verlobt
1163 3457 1265 3512 haben.

155 3523 348 3579 unverhohlen
365 3526 502 3580 merhen’.
806 3527 856 3581 41.
870 3533 895 3582 2.
914 3529 1001 3582 tacita
1014 3528 1210 3596 suspicionum,
1223 3527 1277 3581 wie
1291 3526 1332 3580 im

190 3601 233 3651 25.
258 3596 417 3650 immensum
444 3596 486 3650 als
508 3593 634 3664 Advsrb,
664 3596 716 3652 wie
770 3597 922 3667 folgenden
948 3597 1006 3651 und
1039 3616 1081 3666 cp.
1113 3605 1148 3653 40
1179 3600 1333 3669 pracupuu

156 3684 199 3736 cp.
219 3672 253 3721 21
273 3665 330 3718 und
349 3667 429 3722 11111.
767 3685 867 3732 rerum,
886 3674 911 3736 6,
931 3673 965 3722 45
984 3669 1191 3724 simulationum
1208 3670 1290 3736 falsa.

189 3743 234 3793 26.
259 3737 419 3792 Proculeius
445 3754 504 3791 war
531 3737 637 3792 Bmder
665 3736 714 3792 des
805 3745 831 3793 3.
845 3739 1331 3810 1111111111111111111111111Ιί1111

155 3807 241 3863 Varro
279 3806 410 3875 Murena,
447 3807 496 3862 der
532 3808 592 3862 sich
624 3825 715 3878 gagen
769 3810 937 3880 Bedeutung
959 3810 1064 3865 ‘durch
1083 3810 1179 3865 Bitten
1197 3827 1253 3866 von
1271 3812 1331 3865 sich

153 3880 299 3949 Augustus
310 3878 477 3947 verschwor,
492 3877 559 3933 aber
573 3878 637 3932 dem
647 3880 714 3933 1111-
769 3881 959 3935 abzuwendan
978 3881 1104 3937 suchen'.

154 3955 234 4005 taren
253 3950 317 4005 sehr
335 3949 510 4005 befreundet.
805 3958 830 4007 8.
845 3938 920 4007 llber
933 3968 1080 4007 ccmnuauc
1093 3950 1147 4005 mit
1160 3951 1332 4006 sachlichem

189 4027 232 4077 28.
260 4023 376 4092 negotiis
400 4022 563 4091 permixtos,
589 4037 644 4075 1111
667 4038 715 4090 ge·
769 4021 906 4091 Subjelrte
921 4040 942 4077 s.
957 4041 990 4076 au
1006 4028 1031 4091 2,
1046 4027 1090 4076 28.
1104 4052 1139 4061 —
1152 4038 1259 4092 carpam
1276 4038 1333 4077 von

152 4091 258 4147 bildete
277 4091 396 4159 Phrase,
420 4092 474 4145 wie
493 4097 522 4158 3,
542 4097 576 4146 38
594 4091 713 4147 11111111
767 4092 817 4147 der
835 4093 905 4161 Zeit,
925 4112 946 4148 s.
964 4100 989 4160 2,
1004 4097 1047 4147 43.
1086 4098 1332 4162 11111111111111

148 4164 258 4232 pmidis
276 4164 398 4217 consiliis
413 4164 588 4230 permixtum.
768 4162 831 4217 Abl.
851 4164 909 4217 abs.

188 4240 231 4288 32.
254 4220 330 4287 llber
353 4233 571 4316 1111111111111
591 4234 714 4288 uolutare
804 4240 828 4286 9.
847 4239 946 4318 secreto
965 4234 1025 4300 loci,
1044 4233 1097 4287 wie
1117 4233 1183 4288 hist.
1199 4240 1223 4302 1,
1241 4239 1273 4286 10
1292 4250 1330 4288 se·

152 4307 603 4443 {medaridhw-dgeilhldlgicilihii.
616 4305 713 4441 {edili
767 4310 870 4429 meddin
879 4305 1050 4429 diffluum
1082 4375 1134 4429 wie
1162 4391 1210 4443 cp.
1239 4380 1285 4441 12,
1314 4380 1330 4425 2

153 4460 187 4499 11
201 4445 402 4514 adfinitatibus,
413 4461 447 4500 11
454 4446 714 4515 propinquitatibus
767 4445 914 4500 dolentum.
