3092 4834
535 242 644 297 LIBER
661 243 694 298 ΙΙ.
732 242 808 298 OAP.
828 248 942 299 ae-so.
1262 243 1324 307 121

148 408 287 472 adsensu
310 407 419 471 audita
442 406 482 469 ab
506 406 560 490 iis,
583 407 701 491 quibus
725 408 833 472 omnia
856 407 1048 491 principum,
1070 407 1206 472 honesta
1229 412 1326 491 atque

147 496 334 579 inhonesta,
357 495 487 559 laudare
510 518 580 560 mos
604 501 661 579 est,
683 495 793 580 plures
815 518 874 580 per
897 495 1060 561 silentium
1084 500 1139 561 aut
1162 496 1325 562 occultum
1341 523 1368 562 so

148 608 295 650 murmur
327 606 486 668 excepere.
532 587 695 669 sensitque
727 585 889 669 Tiberius,
920 589 953 650 et
984 607 1056 650 cum
1088 585 1221 669 paulum
1253 588 1327 649 reti-

150 676 278 759 cuisset,
301 673 439 738 Hortalo
464 675 721 759 serespondisse
740 677 798 739 ait:
822 679 962 739 ceterum
987 676 1015 739 si
1037 674 1184 760 patribus
1206 675 1328 739 videre-

149 768 217 847 tur,
247 764 395 829 daturum
424 763 533 828 liberis
557 764 625 829 eius
649 763 772 828 ducena
796 767 943 829 sestertia
970 764 1122 851 siugulis,
1153 764 1209 848 qui
1232 786 1327 828 sexus

148 852 253 917 virilis
286 856 400 917 essent.
451 874 544 940 egere
571 854 626 917 alii
656 857 778 937 grates:
811 854 902 918 siluit
933 852 1103 938 Hortalus,
1134 875 1253 937 pavore
1286 876 1327 917 an

150 943 254 1007 avitae
272 942 453 1006 nobilitatis
473 943 570 1006 etiem
589 942 673 1006 inter
691 944 856 1028 angustias
875 944 1024 1007 fortunae
1042 943 1191 1007 retinens.
1223 964 1327 1026 neque
1341 968 1368 1008 rs

149 1031 321 1096 miseratus
349 1035 399 1094 est
420 1031 558 1115 posthac
581 1031 742 1114 Tiberius,
772 1033 918 1115 quamvis
943 1032 1056 1098 domus
1079 1032 1247 1097 Hortensii
1269 1055 1327 1116 pu·

150 1120 287 1185 dendam
311 1121 350 1184 ad
374 1120 517 1203 inopiam
541 1120 749 1186 delaberetur.
866 1193 869 1196 x

240 1209 362 1275 Eodem
382 1231 466 1274 anno
486 1210 639 1294 mancipii
657 1210 753 1288 unius
772 1210 914 1293 audacia,
937 1212 971 1274 ui
990 1215 1114 1275 mature
1133 1209 1327 1275 subventum
1337 1209 1381 1274 39

149 1300 248 1385 foret,
280 1299 448 1363 discordiis
475 1300 638 1382 armisque
666 1299 816 1364 civilibus
844 1322 911 1364 rem
938 1299 1101 1384 publicam
1129 1301 1325 1382 perculisset.

150 1388 300 1453 Postumi
314 1387 477 1474 Agrippae
492 1410 611 1468 servus,
625 1389 756 1453 nomine
772 1387 928 1471 Clemens,
945 1393 1098 1472 conperto
1113 1389 1177 1452 fine
1186 1387 1328 1473 Augusti

150 1499 283 1563 pergere
306 1479 341 1541 in
364 1477 503 1542 insulam
526 1477 709 1543 Planasiam
733 1481 766 1541 et
788 1477 901 1542 fraude
924 1481 981 1542 aut
1004 1480 1037 1542 vi
1059 1481 1188 1562 raptum
1211 1476 1327 1563 Agrip-

150 1589 226 1651 pam
249 1567 333 1632 ferre
356 1567 396 1631 ad
415 1567 574 1631 exercitus
595 1565 802 1632 Germanicos
825 1588 890 1631 non
910 1567 1018 1631 servili
1042 1568 1149 1631 animo
1172 1569 1327 1650 concepit.
1356 1592 1368 1632 a

150 1678 229 1721 ausa
262 1657 329 1720 eius
366 1655 524 1741 inpedivit
561 1656 695 1721 tarditas
729 1658 894 1721 onerariae
926 1659 1031 1741 navis3
1069 1660 1165 1740 atque
1198 1656 1328 1720 interim

88 1743 94 1749 ’
152 1749 280 1829 patrata
305 1745 399 1809 caede
423 1746 463 1808 ad
485 1746 607 1810 maiora
626 1750 659 1810 et
681 1748 784 1832 magis
803 1745 992 1829 praecipitia
1011 1767 1184 1810 conversus
1202 1745 1328 1809 furatur

151 1836 275 1899 cineres
298 1838 473 1917 vectusque
498 1833 612 1899 Cosam
636 1835 785 1899 Etruriae
812 1835 1072 1919 promunturium
1100 1835 1221 1920 ignotis
1248 1835 1328 1898 locis

151 1946 228 1997 sese,
249 1923 354 2005 abdit,
384 1924 485 1987 donec
513 1925 632 1988 crinem
660 1923 858 2006 barbamque
881 1925 1096 2008 promitteret:
1126 1946 1201 1989 nam
1224 1928 1328 1988 aetate

151 2017 185 2077 et
211 2013 315 2077 forma
341 2012 429 2077 haud
456 2012 605 2078 dissimili
632 2015 667 2077 in
695 2013 862 2078 dominum
890 2018 966 2078 erat.
1011 2018 1080 2078 tum
1109 2036 1167 2098 per
1195 2012 1328 2078 idoneos
1343 2038 1370 2078 ro

152 2107 185 2166 et
217 2104 332 2167 secreti
365 2102 433 2166 eius
471 2102 574 2166 socios
611 2102 784 2167 crebrescit
819 2103 928 2168 vivere
964 2102 1157 2189 Agrippam,
1194 2103 1329 2167 occultis

150 2193 292 2277 primum
321 2189 535 2273 sermonibus,
562 2194 599 2255 ut
622 2194 722 2256 vetita
745 2191 864 2276 solent,
887 2213 963 2256 mox
987 2214 1068 2278 vago
1091 2214 1220 2256 rumore
1242 2191 1328 2276 apud

150 2279 374 2365 inperitissimi
394 2282 547 2364 cuiusque
565 2284 731 2366 promptas
750 2302 843 2345 aures
862 2285 919 2344 aut
936 2304 1063 2345 rursum
1077 2281 1163 2365 apud
1182 2281 1329 2345 turbidos

151 2391 253 2453 eoque
285 2391 370 2433 nova
402 2371 574 2453 cupientes.
630 2374 726 2453 atque
758 2369 828 2452 ipse
861 2369 948 2433 adire
981 2370 1157 2453 municipia
1191 2370 1328 2433 obscuro

152 2458 225 2542 diei,
247 2481 351 2542 neque
374 2459 541 2542 propalam
561 2458 661 2543 aspici
678 2480 783 2543 neque
803 2458 924 2522 diutius
943 2458 1045 2523 isdem
1063 2458 1153 2537 locis,
1178 2458 1233 2522 sed
1254 2460 1329 2541 quia
1344 2483 1369 2524 rs

151 2551 271 2612 veritas
299 2548 372 2612 visu
399 2552 431 2611 et
458 2569 561 2632 mora,
588 2549 671 2612 falsa
697 2548 905 2612 festinatione
933 2551 965 2611 et
992 2547 1123 2612 incertis
1155 2546 1329 2630 valescunt,

151 2636 355 2721 relinquebat
376 2636 496 2701 famam
519 2641 574 2701 aut
597 2637 831 2721 praeveniebat.

198 2725 405 2811 Vulgabatur
439 2726 570 2790 interim
607 2749 665 2810 per
704 2725 834 2791 ltaliam
871 2730 1030 2790 servatum
1068 2746 1199 2790 munere
1236 2725 1329 2789 deum
1338 2726 1384 2790 40

124 2815 340 2912 Agrippam,
364 2815 553 2881 credebatur
575 2815 710 2900 Romae3
738 2816 865 2898 iamque
889 2813 1014 2880 Ostiam
1037 2817 1199 2879 invectum
1222 2814 1329 2879 multi·

192 3013 233 3064 19.
271 3011 370 3078 quibus
405 3040 440 3048 ·-
473 3015 511 3063 est
541 3008 616 3062 nach
647 3008 714 3063 Sall.
769 3005 875 3064 teriam
907 3026 961 3063 von
989 3011 1132 3079 morniaco
1170 3008 1330 3062 abzuleiten

156 3080 215 3134 Cat.
231 3085 274 3146 30,
289 3086 306 3133 4
321 3080 393 3150 (Jugl
410 3085 453 3147 80,
464 3082 490 3150 ὅ)
501 3082 600 3148 quibes
613 3083 715 3147 omnic,
770 3081 835 3151 (vgl.
855 3076 998 3151 tamisiam
1016 3098 1068 3135 von
1087 3085 1164 3152 tepo).

153 3154 267 3207 amaa
275 3158 356 3222 auce
372 3154 524 3217 stannea,
533 3153 645 3207 1111111
659 3169 716 3207 mos
807 3175 848 3224 10.
869 3171 1012 3225 neamus
1024 3173 1056 3225 sn
1070 3170 1108 3224 aa
1126 3169 1174 3223 aa.
1194 3169 1244 3236 aa.
1277 3169 1330 3223 ure

154 3229 221 3277 11111
768 3241 948 3310 Prtposition
989 3242 1154 3296 bezeichnet
1194 3241 1240 3293 die
1277 3239 1330 3293 Be-

192 3316 234 3365 25.
270 3314 396 3367 retine-na
415 3312 469 3365 mit
497 3311 561 3365 dem
589 3311 714 3378 Geneffiv,
770 3312 891 3383 ziehuug
914 3313 982 3366 oder
1000 3312 1184 3381 Hinvveisung
1207 3311 1259 3383 auf
1275 3313 1329 3366 den

154 3383 271 3448 anche,
293 3390 324 3437 11
344 3384 498 3449 modestiae,
524 3388 547 3447 6,
567 3388 601 3436 42
621 3384 715 3438 condi-
769 3383 969 3454 vergliehenen
987 3383 1176 3452 Gegenstand.
1206 3383 1329 3436 Ahnlieh
1442 3399 1449 3412 ⁸

155 3456 224 3509 torre
240 3454 371 3521 delam,
400 3461 442 3519 16,
469 3460 493 3508 b.
531 3453 641 3508 Ebenso
668 3455 715 3508 bei
770 3454 826 3509 Cic.
846 3455 882 3508 de
899 3454 954 3508 inv.
979 3466 1000 3520 1,
1019 3460 1053 3508 44
1071 3454 1254 3509 similitudine
1272 3456 1330 3508 aas

156 3523 259 3579 Cicero.
296 3525 484 3594 Dergleichen
508 3524 641 3579 Genetiva
663 3526 716 3579 hat
768 3529 810 3582 rei
837 3558 871 3566 —
900 3526 938 3580 ad
960 3542 1019 3579 eam
1046 3543 1123 3590 reem
1151 3523 1234 3593 Apul.
1262 3527 1328 3577 met.

155 3595 270 3650 Tacitus
290 3598 387 3666 (ausser
401 3597 492 3652 Germ.
508 3601 534 3665 5)
549 3614 602 3650 nur
616 3596 646 3649 in
660 3596 715 3650 deu
770 3603 817 3664 10,
838 3603 871 3651 30
894 3599 995 3651 similis
1016 3600 1048 3651 s'n
1072 3598 1184 3664 speeiem
1202 3596 1329 3650 Iunonis.

153 3667 258 3750 beiden
281 3669 416 3739 artsseren
432 3668 568 3734 Wrrken,
596 3668 715 3751 manche
807 3690 848 3739 14.
877 3687 989 3740 obscuro
1008 3685 1072 3751 asa,
1092 3683 1146 3737 wis
1164 3683 1230 3737 aas.
1250 3689 1275 3748 r,
1296 3690 1329 3736 14

155 3742 213 3823 1111
237 3757 267 3793 111
287 3741 341 3795 (11111
359 3739 501 3823 1111111111,
525 3740 650 3794 1111111111
668 3739 716 3792 bel
770 3759 913 3812 obscurum
927 3758 1022 3820 noctes
1041 3755 1107 3810 hist.
1123 3761 1149 3822 4,
1164 3761 1198 3809 50
1216 3756 1329 3811 absono

154 3828 254 3878 emens,
277 3814 409 3878 tolerem,
428 3818 560 3877 retenens,
583 3813 715 3882 obtepena
770 3830 860 3883 adhuc
878 3835 984 3895 coeptae
1003 3830 1080 3882 pm

154 3883 319 3954 11111ῑᾶ9118,
338 3885 637 3952 11111111111111111111111·
808 3923 848 3972 16.
877 3919 1006 3972 calescere
1034 3917 1086 3970 hat
1109 3915 1223 3970 Tacitus
1247 3915 1328 3985 oster,
1433 3888 1435 3891 i

191 3970 240 4025 39·
269 3978 294 4025 3.
323 3959 714 4043 ὓ1111-’119111111111111113·
766 3987 1329 4059 jedochcrstindengrbsserenWerken3

192 4065 216 4113 6.
245 4078 344 4115 ausum
367 4061 409 4114 als
438 4060 615 4128 Substantiv,
643 4062 718 4116 auch
770 4061 858 4115 ausser
871 4060 930 4113 ihm
944 4077 997 4113 nur
1006 4059 1123 4114 Dichter
1136 4059 1195 4112 und
1205 4058 1329 4128 Spdtere.

155 4136 185 4197 3,
215 4137 248 4184 66
273 4133 598 4216 ,111111111111111111111113111
625 4150 652 4187 11·
681 4137 716 4200 o,
809 4154 849 4203 17.
877 4151 1048 4218 relinquebat
1070 4149 1176 4215 famam
1193 4148 1259 4217 (liess
1279 4150 1331 4201 das

155 4205 213 4255 1111
240 4206 294 4256 Seli
317 4203 428 4273 Verssllr
460 4204 630 4259 dlsshiflssflssh
657 4204 716 4256 und
771 4221 878 4275 Gerede
897 4220 992 4274 hinter
1006 4219 1075 4275 sichl
1096 4224 1162 4286 cet,
1185 4221 1280 4273 indem
1300 4236 1332 4272 er

1066 4276 1072 4289 Ι

157 4273 377 4328 ”thlaffiiffih-
771 4291 879 4345 schnell
902 4291 1006 4345 wieder
1029 4308 1079 4344 aus
1103 4291 1167 4343 dem
1193 4289 1244 4344 Ort
1269 4307 1331 4344 ver-

193 4368 217 4417 8.
238 4359 310 4419 Crisa
317 4363 355 4417 ist
365 4364 448 4417 Stadt
461 4364 518 4417 und
529 4362 716 4434 Vorgebirge3
771 4363 913 4430 schwand,
937 4379 1018 4415 weun
1037 4361 1114 4417 seine
1131 4360 1330 4415 Anvvesenheit

156 4433 259 4488 ebenso
283 4435 424 4489 Misenum
441 4454 468 4489 u.
489 4452 513 4487 a.
534 4466 567 4475 —
583 4452 716 4504 promun-
770 4434 892 4488 ruchbar
907 4433 1055 4504 geworden
1068 4450 1134 4498 vvar,
1149 4432 1206 4485 und
1217 4431 1329 4484 anderr-
