3092 4834
218 247 281 311 188
361 248 391 302 P.
412 247 582 303 CORNELII
600 246 723 303 ΤΑΟΙΤΙ
742 247 790 302 ΑΒ
809 246 972 302 EXOESSU
989 247 1068 302 DIVI
1086 247 1246 303 AUGUSTI

165 426 198 473 10
217 412 305 476 tibus
333 409 513 476 consulite?
559 411 675 494 ingens
704 410 745 474 ad
772 432 811 474 ea
839 411 976 493 clamor,
1000 414 1033 474 et
1057 409 1261 475 circumfudit
1290 432 1389 496 eques

216 498 422 582 frontemque
434 498 557 582 pedites
571 499 732 581 invasere,
746 520 806 562 nec
821 502 1007 563 cunctatum
1021 499 1106 583 apud
1121 498 1233 563 latera.
1256 501 1391 582 paulum

218 609 328 653 morae
352 587 491 652 attulere
514 587 643 670 ferrati,
665 587 866 651 restantibus
889 586 1053 651 lamminis
1074 586 1244 651 adversum
1268 589 1336 671 pila
1359 592 1392 653 et

217 676 356 760 gladios3
381 676 437 740 sed
456 676 550 739 miles
569 676 726 760 correptis
747 675 913 739 securibus
935 679 968 739 et
987 674 1140 759 dolabris,
1158 681 1196 739 ut
1215 676 1242 740 si
1263 699 1390 741 murum

217 767 452 848 perrumperet,
483 763 615 829 caedere
651 762 798 849 tegmina
830 768 863 827 et
894 784 1042 848 corpora:
1078 764 1208 847 quidam
1241 764 1391 831 trudibus

167 866 199 915 15
219 857 275 916 aut
306 851 405 916 furcis
438 852 576 916 inertem
604 853 722 917 molem
750 856 968 935 prosternere,
996 852 1203 936 iacentesque
1233 854 1322 918 nullo
1351 855 1391 918 ad

218 940 452 1025 resurgendum
466 939 540 1005 nisu
555 941 648 1026 quasi
667 942 832 1005 exanimes
851 940 1089 1025 linquebantur.
1123 939 1271 1005 Sacrovir
1285 943 1390 1027 primo

218 1029 506 1114 Augustodunum,
535 1029 609 1093 dein
637 1034 726 1094 metu
758 1029 929 1095 deditionis
963 1032 997 1093 in
1029 1029 1143 1093 villam
1176 1031 1390 1114 propinquam

218 1140 291 1183 cum
317 1117 483 1182 fidissimis
507 1118 623 1201 pergit.
667 1118 734 1182 illic
763 1140 823 1183 sua
850 1140 963 1197 manu,
986 1118 1101 1202 reliqui
1128 1119 1248 1182 mutuis
1272 1119 1391 1184 ictibus

219 1205 377 1272 occidere:
400 1205 533 1271 incensa
557 1228 653 1290 super
676 1207 756 1272 villa
780 1228 891 1270 omnes
916 1208 1079 1271 cremavit.

164 1294 206 1357 47
307 1294 390 1359 Tum
415 1295 542 1359 demum
566 1295 714 1359 Tiberius
742 1298 849 1359 ortum
873 1298 1101 1379 patratumque
1127 1295 1249 1358 bellum
1278 1300 1392 1360 senatu

220 1383 364 1467 scripsit:
392 1405 495 1467 neque
524 1383 663 1467 dempsit
691 1389 748 1448 aut
776 1382 899 1448 addidit
921 1405 1011 1466 vero,
1038 1383 1093 1447 sed
1122 1382 1183 1447 fide
1213 1406 1249 1448 ac
1272 1385 1391 1449 virtute

219 1471 361 1557 legatos,
385 1493 418 1536 se
448 1472 592 1537 consiliis
621 1472 827 1556 superfuisse.
874 1471 967 1535 simul
995 1493 1122 1554 causas,
1146 1494 1203 1536 cur
1225 1494 1290 1537 non
1314 1473 1393 1558 ipse,

220 1582 286 1625 non
309 1559 434 1625 Drusus
458 1559 596 1644 profecti
624 1560 665 1624 ad
691 1560 725 1624 id
753 1560 874 1625 bellum
902 1559 1023 1643 forent,
1047 1559 1205 1639 adiunxit,
1229 1563 1392 1646 magnitu-

184 1648 326 1713 5dinem
358 1649 486 1734 imperii
520 1649 691 1732 extollens,
718 1670 822 1732 neque
849 1648 1001 1713 decorum
1029 1648 1242 1733 principibus,
1272 1652 1299 1713 si
1325 1673 1391 1714 una

219 1738 361 1803 alterave
376 1738 493 1802 civitas
510 1738 630 1819 turbet,
705 1738 826 1801 omissa
845 1737 934 1818 urbe,
952 1736 1036 1801 unde
1056 1738 1090 1800 in
1109 1737 1218 1801 omnia
1236 1738 1393 1823 regimen.

216 1847 313 1909 nune,
336 1827 412 1909 quia
435 1846 501 1890 non
525 1828 612 1889 metu
637 1824 781 1909 ducatur,
804 1826 937 1907 iturum,
960 1830 997 1889 ut
1018 1826 1203 1910 praesentia
1227 1830 1390 1911 spectaret

219 1920 498 1998 componeretque.
542 1913 709 1977 decrevere
733 1918 841 1997 patres
865 1917 942 1978 vota
964 1936 1024 1997 pro
1048 1914 1154 1978 reditu
1177 1915 1245 1979 eius
1269 1916 1392 2000 suppli-

218 2003 425 2086 cationesque
454 2004 487 2065 et
515 2002 580 2065 alia
608 2001 732 2068 decora.
784 2003 872 2067 solus
900 2001 1073 2066 Dolabella
1102 2001 1285 2085 Cornelius,
1315 2004 1390 2068 dum

167 2105 200 2154 10
220 2091 342 2155 anteire
376 2094 499 2155 ceteros
531 2093 641 2176 parat,
668 2091 844 2155 absurdam
875 2090 909 2154 in
943 2091 1162 2155 adulationem
1190 2112 1392 2177 progressus,

219 2179 353 2261 censuit,
376 2182 412 2242 ut
435 2199 535 2243 ovans
559 2201 576 2242 e
597 2178 778 2263 Campania
800 2180 914 2244 urbem
940 2180 1099 2243 introiret.
1139 2180 1240 2263 igitur
1264 2186 1391 2246 secutae

218 2265 367 2331 Caesaris
392 2266 534 2351 litterae,
558 2268 676 2351 quibus
703 2290 737 2333 se
760 2290 827 2334 non
850 2271 919 2333 tam
940 2289 1078 2332 vacuum
1101 2269 1207 2352 gloria
1229 2269 1392 2352 praedica·

217 2356 287 2438 bat,
310 2360 348 2420 ut
370 2359 445 2440 post
472 2354 692 2421 ferocissimas
720 2361 836 2441 gentes
864 2355 1078 2441 perdomitas,
1103 2360 1155 2421 tot
1182 2362 1328 2443 receptos
1355 2360 1391 2422 in

217 2443 349 2508 iuventa
372 2449 429 2508 aut
447 2448 574 2528 spretos
594 2446 789 2530 triumphos,
810 2446 876 2509 iam
899 2446 1007 2509 senior
1024 2446 1294 2530 peregrinationis
1318 2448 1392 2511 sub·

166 2547 197 2595 15
217 2532 360 2597 urbanae
383 2533 477 2597 inane
501 2534 680 2618 praemium
703 2537 837 2633 peteret.

218 2706 315 2773 Ordre,
330 2707 390 2761 sich
405 2707 455 2761 der
468 2706 626 2761 flichenden
637 2707 777 2762 schonend
833 2707 925 2761 einem
944 2706 1097 2777 Fragment
1115 2707 1163 2762 bei
1177 2707 1284 2763 Gellius
1304 2714 1328 2777 1,
1348 2714 1391 2779 22,

216 2779 274 2831 und
292 2777 461 2847 fureorglich
480 2779 683 2845 anzunehmen,
707 2776 780 2848 liegt
833 2785 848 2832 7
868 2779 994 2833 doctrina
1012 2780 1094 2833 etiam
1111 2781 1256 2847 superfuit.

216 2848 267 2901 der
301 2864 389 2917 ganze
422 2846 497 2903 Stolz
534 2848 583 2901 des
620 2848 779 2903 romischen
869 2854 893 2904 6.
912 2850 1025 2904 turbore
1043 2848 1164 2918 absolut,
1182 2848 1235 2904 wie
1254 2857 1280 2917 4,
1301 2858 1314 2904 1
1334 2852 1392 2905 und

216 2918 356 2985 Rednere,
389 2918 438 2971 der
467 2918 520 2972 mit
549 2919 654 2973 diesem
680 2918 780 2984 Quasi·
833 2919 914 2974 diter.
941 2919 1033 2974 Schon
1048 2919 1093 2974 bei
1108 2920 1203 2975 Cicero
1218 2922 1275 2974 und
1287 2921 1392 2991 Vergil.

218 2989 329 3058 Gegner
343 2989 382 3055 (Z.
398 2989 434 3057 6.)
449 2988 501 3042 wie
516 2989 569 3043 mit
583 2989 673 3043 einem
688 2989 778 3044 Kinde
833 2989 934 3044 Hinter
952 2992 1041 3046 turbet
1054 2990 1126 3045 fehlt
1139 2993 1246 3046 obviam
1264 2992 1305 3046 ire
1324 2994 1392 3045 oder

217 3058 310 3126 spielt.
832 3076 973 3116 occurrere
991 3062 1059 3116 oder
1077 3062 1121 3115 ein
1140 3060 1286 3113 ahnliches
1301 3062 1389 3117 Wort.

254 3143 296 3192 10.
321 3139 458 3193 consulere
486 3139 557 3191 statt
575 3155 701 3207 parcere,
725 3141 779 3196 wie
871 3138 896 3185 ⁷.
915 3137 987 3187 metu
1004 3132 1043 3186 ist
1060 3133 1233 3187 abstractum
1255 3147 1307 3198 pro
1326 3148 1391 3185 con-

219 3209 288 3263 Caes
311 3208 330 3262 b
354 3208 377 3263 G
400 3215 415 3264 '1
436 3213 468 3262 12
488 3213 550 3262 3ut
563 3211 618 3263 sibi
631 3211 780 3278 ipuoeceret
833 3204 909 3256 010l0
948 3203 1112 3272 ‘Bewrgniss
1151 3200 1302 3271 essegessde
1340 3201 1391 3255 Zu-

218 3249 425 3361 recalceate}
447 3248 604 3336 edusuleret.
646 3278 683 3335 So
706 3282 780 3336 oster
833 3273 958 3327 εἴωθ’·
1001 3272 1065 3343 Vgl·
1088 3273 1152 3327 hist·
1172 3277 1237 3339 4‚5
1263 3277 1392 3328 constans

217 3350 264 3405 be1
287 3351 415 3405 Taortus:
440 3356 482 3418 11,
502 3356 548 3418 363
570 3356 683 3435 raet,
711 3351 778 3409 hist.
832 3345 962 3399 advoces
980 3350 1071 3399 melos·

217 3427 243 3489 3,
257 3427 301 3475 82,
319 3452 353 3461 -
372 3438 457 3491 eques,
477 3421 551 3476 daun
561 3424 675 3491 pedites,
703 3409 779 3478 Uber
868 3418 893 3469 9.
930 3415 1076 3470 Dolabella
1107 3430 1165 3468 war
1195 3415 1302 3469 Konsnl
1334 3416 1392 3470 und

218 3492 314 3548 diesen
342 3492 475 3547 chhsel
507 3494 556 3547 des
583 3493 722 3548 Numerus
755 3512 776 3551 ε,
831 3484 984 3554 Propr‘ator
1001 3503 1058 3541 von
1076 3486 1236 3540 Dalmatien
1254 3502 1391 3555 gewesen.

216 3562 289 3617 Einl.
308 3569 332 3628 ξ.
346 3569 371 3618 3.
832 3561 866 3610 23
881 3558 939 3610 und
952 3561 987 3609 24
1001 3575 1027 3610 n.
1043 3558 1105 3612 Ohr.
1120 3573 1179 3611 war
1193 3574 1223 3612 er
1236 3556 1392 3612 Prokonsul

253 3648 295 3698 11.
315 3642 372 3697 Das
389 3643 526 3697 Aktivum
543 3650 673 3699 euadere
689 3645 778 3699 findet
831 3643 888 3683 V⁰¹¹
906 3627 1013 3681 Afrllffl·

217 3713 278 3768 sich
296 3714 343 3767 bei
362 3713 485 3782 Plautus,
504 3712 623 3782 Ennius,
643 3716 744 3771 Attius.
861 3702 910 3779 ,1⁰·
939 3699 1048 3783 (intelle,
1070 3698 1123 3751 mil
1146 3699 1209 3751 dem
1226 3697 1390 3782 ,Assssuffllfflvr

254 3800 295 3847 12,
319 3799 422 3848 restare
440 3819 473 3839 ,.,.
492 3795 615 3848 miste„
638 3795 690 3850 wie
711 3794 777 3850 San,
831 3784 886 3822 wre
905 3775 960 3836 3,1
980 3774 1137 3824 cometarum
1155 3771 1306 3837 oblectant,
1325 3770 1390 3824 bnt.

216 3865 292 3932 (hist,
320 3872 349 3934 1⁷
373 3869 407 3919 74
430 3864 499 3933 KR),
522 3863 619 3919 Livius
647 3867 703 3919 und
732 3865 777 3919 die
833 3844 863 3905 4,
890 3845 921 3893 13
940 3841 1025 3922 multo
1043 3845 1141 3895 ceteros
1160 3842 1315 3908 nutritorem
1334 3839 1392 3924 ,mit

215 3934 339 3990 Djohter,
833 3911 896 3964 dem
924 3911 1009 3964 Datrv
1037 3926 1100 3965 ann.
1129 3915 1158 3978 ὅ,
1188 3917 1204 3965 3
1232 3916 1392 3967 auctoretate

252 4019 295 4068 14.
312 4015 447 4083 eracleus,
463 4015 496 4069 ef.
512 4014 595 4085 Verg.
609 4015 677 4071 Aen.
688 4021 713 4082 5,
724 4022 777 4071 roe
827 3982 955 4050 1⁹me
973 3982 1071 4036 antee.

215 4085 497 4224 {ggpgggpgs
515 4091 540 4141 ⁶2
563 4092 648 4141 aar
666 4089 777 4157 vene
832 4052 1392 4192 tttetenstete„tetrus

254 4247 295 4295 16·
314 4229 389 4297 beer
408 4245 530 4313 llorere
548 4262 570 4300 s·
589 4264 622 4299 zu
641 4251 667 4314 2,
687 4251 729 4300 55-
832 4193 1392 4320 lilioli’eliii’erlllnldlseititibbll

251 4329 300 4385 47.
320 4337 343 4384 3.
362 4348 498 4400 remeasse
516 4333 623 4388 ‘fibcrle
644 4350 679 4388 en
694 4335 776 4402 sein',
831 4333 927 4388 sieben
946 4335 1112 4404 Triumphe,
1136 4335 1180 4389 die
1205 4352 1234 4390 er
1255 4335 1391 4403 verdient,

216 4403 269 4456 wie
292 4400 359 4470 Agr.
382 4407 416 4454 44
442 4402 500 4455 und
523 4403 608 4458 schon
624 4352 723 4461 licere
746 4406 776 4460 in
830 4422 883 4458 nur
902 4405 961 4460 drei
980 4406 1105 4473 gefeiert.
