3092 4834
205 279 249 343 92
357 279 388 332 Ρ.
408 277 580 334 CORNELII
597 277 718 337 TACITI
736 279 785 331 AB
803 276 964 333 Excusso
982 279 1059 334 DIVI
1077 278 1236 335 AUGUSTI

205 447 318 528 postea
354 442 511 508 celebrem
551 442 699 507 miseriae
735 445 917 526 temporum
959 447 992 507 et
1028 442 1178 507 audaciae
1213 442 1383 509 hominum

179 533 359 598 sfeoerunt.
409 554 482 596 nam
511 552 623 617 egens,
650 531 798 617 ignotus,
825 532 966 617 inquies,
994 532 1070 597 dum
1099 534 1235 597 occultis
1262 532 1386 597 libellis

206 621 357 687 saevitiae
389 620 545 706 principis
578 620 717 705 adrepit,
749 642 825 685 mox
853 620 1028 686 clarissimo
1058 621 1174 704 cuique
1203 622 1381 705 periculum

205 710 348 792 facessit,
376 708 554 795 potentiam
587 709 673 793 apud
704 732 821 793 unum,
853 709 963 774 odium
995 710 1080 795 apud
1110 709 1213 775 omnis
1246 711 1386 796 adeptus

205 800 294 864 dedit
320 798 515 883 exemplum,
543 798 630 883 quod
658 799 758 863 secuti
788 821 828 863 ex
853 799 1051 883 pauperibus
1080 798 1210 883 divites,
1240 821 1280 865 ex
1309 822 1385 865 con·

205 888 337 974 temptis
364 886 527 953 metuendi
550 888 724 972 perniciem
752 888 825 953 aliis
856 909 892 952 ac
914 892 1113 973 postremum
1137 888 1200 953 sibi
1223 889 1385 953 invenere.

165 1005 190 1042 ιο
206 979 262 1043 sed
297 975 485 1042 Marcellum
526 976 734 1042 insimulabat
776 976 924 1041 sinistros
966 978 1004 1042 de
1045 976 1176 1042 Tiberio
1218 999 1382 1043 sermones

203 1066 370 1151 habuisse,
396 1065 582 1130 inevitabile
606 1067 736 1150 crimen,
760 1088 833 1131 cum
855 1089 895 1131 ex
918 1065 1062 1131 moribus
1085 1066 1243 1151 principis
1266 1067 1385 1131 foedis·

205 1156 287 1221 sima
310 1177 455 1240 quaeque
479 1155 634 1241 deligeret
656 1159 824 1220 accusator
842 1155 1082 1238 obiectaretque
1100 1178 1164 1220 reo.
1210 1178 1285 1220 nam
1307 1156 1385 1239 quia

205 1268 281 1310 vera
308 1249 411 1328 erant,
439 1244 536 1309 etiam
566 1245 652 1309 dicta
680 1245 898 1310 credebantur.
950 1244 1074 1309 addidit
1105 1243 1209 1329 Hispo
1243 1248 1383 1310 statuam

204 1331 349 1399 Marcelli
373 1335 470 1398 altius
495 1356 592 1417 quam
616 1333 788 1398 Caesarum
811 1333 921 1416 sitam,
945 1338 977 1397 et
1000 1333 1064 1397 alia
1086 1334 1121 1397 in
1144 1337 1251 1398 statua
1274 1357 1386 1418 ampu-

165 1450 190 1490 rs
205 1427 274 1488 tato
298 1425 403 1508 capite
425 1422 567 1509 Augusti
591 1424 731 1508 effigiem
755 1422 877 1488 Tiberii
900 1422 1043 1487 inditam.
1089 1422 1131 1487 ad
1154 1423 1241 1506 quod
1263 1425 1382 1488 exarsit

206 1512 295 1596 adeo,
317 1516 354 1577 ut
372 1517 470 1596 rupta
487 1511 710 1577 taciturnitate
728 1511 941 1595 proclamaret
964 1534 998 1576 se
1021 1533 1151 1595 quoque
1174 1512 1208 1577 in
1231 1534 1269 1576 ea
1288 1533 1383 1577 causa

204 1602 346 1667 laturum
383 1602 574 1666 sententiam
611 1600 719 1686 palam
756 1606 788 1665 et
824 1603 979 1684 iuratum,
1018 1623 1082 1685 quo
1120 1600 1234 1665 ceteris
1273 1603 1382 1666 eadem

204 1690 378 1756 necessitas
414 1691 515 1755 fieret.
584 1690 757 1755 manebant
794 1690 891 1755 etiam
927 1693 997 1753 tum
1034 1690 1174 1775 vestigia
1214 1692 1385 1755 morientis

204 1779 374 1846 libertatis.
420 1778 520 1864 igitur
544 1776 599 1842 On.
618 1778 695 1843 Piso
716 1778 810 1862 ‘quo‘
832 1778 940 1862 inquit
963 1780 1046 1843 ‘loco
1066 1777 1219 1864 censebis,
1245 1778 1385 1844 Caesar?

165 1896 192 1934 so
207 1872 235 1934 si
257 1869 395 1953 primus,
421 1867 548 1933 habebo
571 1868 656 1951 quod
682 1889 814 1951 sequar:
843 1869 871 1933 si
898 1872 974 1952 post
996 1870 1115 1952 omnis,
1137 1890 1249 1933 vereor
1271 1890 1312 1932 ne
1335 1870 1385 1932 in·

205 1959 346 2042 prudeus
371 1957 576 2023 dissentiam?
624 1962 790 2042 permotus
813 1957 874 2041 his,
898 1961 1083 2040 quantoque
1105 1958 1267 2022 incautius
1293 1958 1386 2021 effer-

204 2050 309 2132 verat,
337 2045 534 2131 paenitentia
557 2048 683 2131 patiens
707 2045 785 2111 tulit
808 2046 932 2111 absolvi
962 2068 1052 2110 reum
1077 2046 1264 2112 criminibus
1287 2046 1386 2110 maie·

206 2136 312 2200 statis:
336 2136 374 2201 de
396 2136 543 2220 pecuniis
566 2136 751 2220 repetundis
774 2135 814 2200 ad
838 2135 1066 2220 reciperatores
1089 2135 1171 2200 itum
1195 2140 1252 2200 est.

162 2224 204 2289 75
294 2223 364 2289 Nec
394 2229 524 2309 patrum
556 2224 797 2311 cognitionibus
830 2224 964 2288 satiatus
992 2224 1120 2289 iudiciis
1154 2224 1321 2289 adsidebat
1348 2226 1384 2288 in

206 2335 306 2379 cornu
333 2313 521 2398 tribunalis,
548 2336 589 2379 ne
611 2318 793 2398 praetorem
818 2312 921 2377 curuli
945 2313 1131 2399 depelleret3
1155 2312 1321 2399 multaque
1344 2335 1385 2378 eo

206 2424 312 2469 coram
336 2403 488 2468 adversus
512 2403 670 2469 ambitum
698 2408 730 2469 et
753 2404 936 2488 potentium
959 2425 1070 2487 preces
1093 2403 1280 2468 constituta.
1327 2404 1382 2467 sed

205 2493 281 2558 dum
313 2494 442 2570 veritati
474 2495 666 2576 consulitur,
698 2492 832 2557 libertas
849 2491 1136 2575 corrumpebatur.
1182 2491 1268 2556 inter
1300 2513 1384 2574 quae

206 2685 261 2739 Cic.
275 2685 351 2740 Lael.
368 2691 400 2739 78
415 2686 566 2742 accendam
579 2702 613 2740 ae
626 2687 767 2756 inprecer
821 2702 938 2750 censere,
967 2686 1038 2739 statt
1064 2690 1103 2738 at.
1144 2683 1218 2738 llinl.
1247 2689 1324 2750 580.
1338 2715 1384 2729 .-

205 2757 767 2824 inimiciciascommataeamioiriae,
821 2744 897 2810 Uber
924 2757 979 2810 den
1002 2755 1107 2809 Positis⁷
1127 2757 1240 2823 patieaa
1263 2773 1284 2809 s.
1310 2754 1386 2809 Einl.

205 2846 244 2884 ca·
257 2829 379 2897 quibua
396 2831 491 2900 impio
508 2831 538 2900 ρ’
555 2835 670 2910 Μίαν.
822 2833 895 2894 §9⁷-

242 2904 266 2952 9·
294 2901 432 2983 '’leiwid‘'
446 2899 505 2953 ⁸05¹·
538 2906 601 2954 Μη-
616 2905 766 2981 -Ρθξῑΐθ
857 2922 900 2970 23.
919 2916 1156 2986 Rekuperatoren,
1172 2914 1321 2987 Kollegien
1329 2933 1384 2970 von

204 2988 279 3025 naam
296 2972 358 3026 caba
386 2970 423 3024 Es
442 2971 566 3041 gaschah
580 2970 768 3040 spatermcht
819 2986 850 3056 je
883 2992 898 3040 3
932 2988 1000 3042 oder
1032 2993 1047 3040 5
1071 2987 1206 3041 Richter„
1252 3006 1301 3041 zur
1332 2988 1383 3042 ΒΘ.

206 3041 308 3108 sellan,
332 3041 387 3095 dall
407 3042 453 3095 die
471 3041 622 3095 Delatoren
647 3041 768 3095 bestraft
822 3058 1028 3129 ,ohleunigung
1066 3075 1121 3112 ,011
1158 3030 1386 3128 Zivi'lprozesgen,

205 3112 328 3166 wurden·
725 3153 727 3158 ⁴
820 3129 978 3184 Hierdurch
1005 3128 1119 3183 verliert
1147 3130 1193 3183 die
1219 3129 1308 3185 Socha
1334 3130 1386 3183 des

233 3188 284 3267 ‚10-
320 3184 368 3238 sed
390 3209 424 3228 =
447 3184 547 3255 icitur,
580 3184 631 3236 ἅδε
660 3183 768 3238 Thema
821 3200 941 3255 canius
979 3200 1041 3254 aare
1077 3200 1237 3255 remanens
1275 3201 1385 3255 seaea-

204 3255 310 3308 wreder
328 3254 517 3309 ansnehmend
537 3254 630 3309 ‘also'.
821 3276 900 3342 tang,

242 3332 284 3379 11.
303 3326 460 3381 inevitabile
473 3326 582 3394 crimen.
598 3325 766 3396 APP0⁸iffi⁰¹¹
858 3361 906 3416 tt.
936 3368 959 3415 1.
983 3362 1015 3414 in
1028 3377 1122 3415 coroa.
1146 3361 1227 3414 Nach
1241 3361 1295 3415 Dio
1309 3367 1385 3429 tm

205 3415 268 3451 zum
286 3396 478 3466 hfinitilflatzr
498 3414 519 3451 ⁸·
538 3398 646 3464 niune
662 3402 703 3451 ²⁷·
821 3432 906 3487 nahm
930 3431 1058 3486 Tiberius
1087 3431 1129 3485 oft
1152 3431 1194 3485 als
1223 3433 1320 3487 Beirat
1347 3450 1386 3486 an

241 3475 284 3595 {ss
306 3470 766 3596 &2⁰Qla=10,gfllalth⁸·²g.⁰,‡e⁹·
821 3505 875 3558 sen
888 3503 1040 3557 cesenas
1053 3501 1105 3557 aa
1118 3503 1178 3556 aaa
1194 3503 1385 3557 hastamor-

279 3582 285 3594 ·
347 3559 370 3610 Ρ
402 3583 407 3594 ·
498 3557 622 3595 ⁸⁸⁸¹⁸⁰³
675 3558 703 3594 ¹⁰
753 3558 767 3592 r
821 3576 885 3629 dem
913 3576 974 3629 sein
1001 3575 1114 3663 eigenes
1139 3574 1283 3630 Tribunal.
1321 3575 1385 3630 ἐπε-

204 3614 542 3753 saggnpspllppaffinffiss
562 3630 664 3753 ,rriicht
678 3681 766 3736 durch
821 3644 924 3787 ἴὲίηζξ
940 3646 1387 3787 ῗέοέἕθρίέἔῇχέρᾙηὲἕοὲἷῖ

204 3758 396 3882 Ἥ
426 3826 474 3880 ⁰11·
502 3826 670 3896 cama
702 3825 766 3879 a>
820 3786 1387 3932 acerreaenazorescen

204 3898 261 3967 Ψ
280 3916 315 3951 ²¹²
333 3916 356 3953 ⁰·
377 3904 418 3953 1⁸·
448 3929 480 3938 ”
505 3897 558 3952 Die
580 3895 765 3952 Pe¹⁸⁰¹¹fflk⁸*
821 3947 852 3985 er
878 3930 1057 3985 Verbrechen
1085 3930 1174 3984 sofort
1200 3931 1386 3986 untersuchte

204 3969 265 4022 5⁰¹¹
282 3968 318 4022 ‘³¹¹
339 3971 482 4052 immid
504 3970 638 4052 'iim
660 3967 699 4021 ³⁸*
715 3985 767 4020 ¹¹¹¹·
821 4002 881 4056 una
897 4002 1034 4057 sesana
1060 4019 1139 4055 wazu
1152 4002 1213 4055 am
1227 4002 1279 4055 aa
1293 4002 1387 4056 aeona

205 4039 383 4107 gewohnhch
398 4042 456 4094 und
469 4040 611 4109 poetrsch3
631 4038 702 4093 doch
716 4054 766 4107 ge·
1035 4045 1042 4070 2
1069 4074 1075 4086 .

204 4110 325 4165 braueht
361 4111 448 4165 sehon
484 4111 580 4166 Cicero
612 4110 663 4164 das
692 4109 766 4164 Verb
820 4072 1098 4145 verfafflungsmmg
1116 4073 1244 4127 mutand·

205 4183 338 4236 mainan
353 4181 516 4237 stehlichen
529 4180 680 4253 Begriffen,
694 4199 716 4234 z.
734 4181 765 4234 B.
823 4235 829 4246 ‚
857 4169 881 4216 2·
895 4164 1008 4245 ‚mult
1025 4162 1152 4246 ”mich
1169 4165 1245 4218 ulla·
1277 4162 1312 4217 3⁰
1327 4165 1388 4215 ⁰¹⁸⁶

204 4269 256 4323 pro
266 4251 340 4307 (lael.
356 4257 398 4320 31,
414 4259 447 4306 76
461 4260 494 4309 ut
505 4271 591 4309 aarum
606 4253 767 4308 deliciorum
820 4253 860 4287 ¹¹²¹
879 4233 1021 4288 flllbemffl
1037 4234 1147 4288 Lsslem·

204 4325 377 4393 midlesear
396 4331 552 4379 maereba.
857 4329 882 4378 4.
905 4321 1264 4393 veritos‘Gerechtigkeit’,
1281 4321 1385 4376 eicie.

242 4400 284 4448 Ὦ.
304 4396 377 4461 tulit,
385 4394 510 4448 ntmlich
518 4397 689 4450 cenantium.
713 4395 767 4448 lllit
821 4393 932 4459 Quinct.
949 4400 982 4448 10
996 4411 1058 4449 arm
1071 4397 1104 4449 ia
1117 4401 1194 4449 taam
1207 4395 1296 4461 Mem,
1314 4397 1382 4448 ocri·

204 4467 304 4519 Aecus.
328 4482 351 4518 c.
374 4465 425 4519 inf.
450 4465 522 4518 nach
546 4465 684 4536 AnalogIe
711 4482 765 4522 von
821 4472 915 4533 tatem,
960 4464 1176 4521 miscricordiam
1221 4465 1383 4535 confugerit
