3092 4834
193 219 256 282 178
340 218 370 275 P.
390 218 561 274 CORNELII
578 218 699 274 TAClTl
716 222 764 275 AB
784 221 947 278 EXCESSU
965 222 1044 277 DIVI
1062 220 1222 277 AUGUSTI

191 385 342 466 prompto
367 382 406 445 ad
428 383 641 465 capessendos
660 384 801 449 honores
821 384 919 467 aditu,
938 383 1160 450 Maecenatem
1180 386 1363 452 aemulatus

192 470 261 535 sine
286 465 446 555 dignitate
474 471 637 536 senatoria
665 474 785 538 multos
810 474 1054 557 triumphalium
1083 474 1364 559 consulariumque

90 640 92 642 Ι
140 577 173 624 10
192 560 339 643 potentia
368 559 494 642 antelli,
524 559 668 625 diversus
697 584 717 627 a
744 566 889 627 veterum
917 562 1069 628 inst'tuto
1098 584 1156 646 per
1183 564 1306 627 cultum
1334 567 1367 626 et

193 648 369 713 munditias
393 648 549 733 copiaque
573 653 606 712 et
628 649 796 714 affluentia
819 651 896 715 luxu
919 652 1059 734 propior.
1103 651 1236 715 suberat
1258 654 1366 715 tamen

192 737 286 822 vigor
315 738 416 800 animi
444 737 633 822 ingentibus
662 739 803 822 negotiis
826 760 899 822 par,
924 762 961 804 eo
985 740 1102 822 acrior,
1126 760 1190 822 quc
1216 762 1365 805 somnum

193 829 226 888 et
262 825 412 890 inertiam
449 827 555 910 magis
594 828 790 892 ostentabat
850 827 952 911 igitur
987 829 1142 893 incolumi
1178 827 1365 893 Maecenate

193 915 369 997 proximus,
392 936 468 978 mox
489 916 689 998 praecipuus,
713 916 764 980 cui
789 921 913 980 secreta
935 917 1167 1000 imperatorum
1192 918 1366 981 inniteren-

143 1018 174 1067 15
193 1009 255 1085 tur,
275 1007 308 1067 et
325 1003 538 1066 interficiendi
557 1003 704 1068 Postumi
723 1005 889 1089 Agrippae
911 1006 1068 1088 conscius,
1087 1008 1194 1070 aetate
1213 1008 1367 1088 provecta

193 1091 332 1174 speciem
358 1092 463 1176 magis
491 1092 524 1155 in
549 1092 692 1157 amicitia
715 1093 873 1176 principis
898 1115 993 1176 quam
1018 1095 1085 1158 vim
1111 1095 1226 1158 tenuit.
1271 1094 1367 1177 idque

189 1185 225 1243 'et
252 1178 432 1244 Maecenati
465 1180 641 1264 acciderat,
666 1182 735 1247 fato
764 1182 931 1264 potentiae
963 1204 1037 1247 raro
1067 1183 1297 1267 sempiternae,
1326 1204 1367 1246 an

193 1268 293 1332 satias
322 1270 408 1352 capit
437 1274 494 1333 aut
521 1270 609 1351 illos,
637 1292 709 1334 cum
742 1270 849 1335 omnia
883 1271 1080 1354 tribuerunt,
1109 1275 1165 1345 aut
1193 1271 1267 1353 hos,
1294 1292 1366 1335 cum

194 1358 260 1421 iam
283 1357 366 1421 nihil
390 1358 550 1440 reliquum
575 1363 638 1441 est,
667 1360 752 1442 quod
777 1358 920 1443 cupiant.

140 1446 182 1510 31
284 1443 435 1530 Sequitur
453 1446 563 1510 Tiberi
582 1450 726 1531 quartus,
746 1447 843 1511 Drusi
866 1447 1024 1511 secundus
1043 1449 1239 1530 consulatus,
1263 1447 1367 1531 patris

194 1536 291 1618 atque
314 1534 373 1597 filii
392 1535 531 1618 collegio
549 1535 698 1619 insignis.
734 1558 811 1600 nam
833 1536 974 1600 triennio
995 1538 1069 1599 ante
1088 1534 1272 1600 Germanici
1296 1557 1368 1600 cum

193 1623 322 1687 Tiberio
356 1624 441 1687 idem
471 1623 578 1688 honor
608 1646 710 1704 neque
743 1628 858 1707 patruo
889 1625 992 1688 laetus
1020 1646 1125 1709 neque
1157 1629 1272 1688 natura
1299 1628 1367 1688 tam

193 1733 333 1776 conexus
361 1712 474 1776 fuerat.
521 1710 589 1775 eius
618 1713 695 1775 anni
718 1712 878 1796 principio
903 1712 1052 1777 Tiberius
1077 1714 1168 1796 quasi
1191 1713 1367 1777 firmandae

157 1817 172 1863 c
192 1799 371 1865 valetudini
389 1800 423 1864 in
438 1797 651 1884 Campaniam
670 1802 838 1886 noncessit,
852 1801 986 1887 longam
1005 1805 1038 1864 et
1052 1802 1239 1866 continuam
1254 1801 1362 1865 absen-

193 1887 274 1953 tiam
304 1888 462 1972 paulatim
490 1889 664 1967 meditans,
688 1889 756 1954 sive
785 1894 821 1953 ut
848 1894 958 1954 amoto
987 1894 1081 1973 patre
1103 1890 1229 1954 Drusus
1258 1890 1368 1952 munia

194 1978 381 2041 consulatus
401 1977 489 2040 solus
508 1977 667 2061 impleret.
704 1999 741 2041 ac
759 1976 844 2042 forte
863 2000 965 2062 parva
984 1999 1034 2042 res
1059 1999 1214 2062 magnum
1238 1978 1278 2042 ad
1302 1999 1368 2042 cer-

194 2070 302 2128 tamen
330 2085 503 2148 progressa
531 2067 682 2148 praebuit
712 2067 821 2131 iuveni
849 2068 1016 2130 materiem
1046 2067 1210 2149 apiscendi
1237 2066 1367 2131 favoris.

195 2153 359 2218 Domitius
383 2151 525 2217 Corbulo
549 2157 702 2236 praetura
729 2154 860 2220 functus
884 2155 922 2219 de
945 2154 980 2219 L.
1004 2151 1095 2218 Sulla
1122 2155 1226 2220 nobili
1253 2156 1367 2219 iuvene

143 2258 175 2305 10
196 2245 329 2326 questus
359 2247 408 2306 est
433 2243 518 2326 apud
543 2248 707 2327 senatum,
731 2244 817 2327 quod
841 2243 904 2308 sibi
928 2244 1014 2306 inter
1038 2244 1223 2326 spectacula
1247 2244 1368 2326 gladia·

193 2335 301 2396 torum
324 2332 396 2395 loco
415 2353 478 2395 non
499 2331 696 2396 decessisset.
737 2355 796 2416 pro
816 2330 1000 2398 Corbulone
1020 2337 1119 2413 aetas,
1137 2333 1263 2415 patrius
1286 2353 1367 2414 mos,

194 2420 302 2484 studia
325 2419 486 2483 seniorum
510 2425 616 2505 erant3
640 2424 752 2486 contra
775 2420 956 2484 Mamercus
978 2416 1116 2484 Scaurus
1140 2424 1173 2483 et
1191 2419 1226 2483 L.
1246 2420 1367 2483 Arrun-

193 2509 260 2573 tius
285 2507 404 2592 aliique
426 2507 536 2573 Sullae
561 2510 735 2593 propinqui
758 2509 954 2574 nitebantur.
998 2508 1227 2591 certabantque
1251 2507 1367 2571 oratio-

193 2598 290 2662 nibus
333 2606 365 2661 et
401 2598 664 2662 memorabantur
701 2598 849 2681 exempla
888 2598 1062 2679 maiorum,
1099 2596 1153 2679 qui
1191 2596 1367 2659 iuventutis

142 2701 174 2749 15
195 2686 442 2751 inreverentiam
461 2686 615 2770 gravibus
635 2686 770 2751 decretis
790 2687 1001 2767 notavissent,
1020 2684 1122 2749 donec
1141 2683 1266 2748 Drusus
1291 2686 1368 2766 apta

194 2774 413 2858 temperandis
446 2775 562 2838 animis
596 2775 760 2859 disseruit3
800 2781 832 2838 et
865 2774 1067 2838 satisfactum
1100 2771 1279 2838 Corbuloni
1311 2794 1369 2855 per

194 2862 407 2944 Mamercum,
432 2865 486 2945 qui
509 2868 646 2945 patruus
676 2864 772 2927 simul
797 2885 833 2928 ac
856 2864 989 2926 vitricus
1014 2860 1123 2927 Sullae
1148 2865 1180 2925 et
1204 2867 1369 2926 oratorum

195 2972 231 3015 ea
259 2954 366 3014 aetate
389 2950 570 3014 uberrimus
597 2956 674 3016 erat.
720 2952 807 3015 idem
831 2949 972 3016 Corbulo
996 2950 1135 3033 plurima
1158 2971 1216 3033 per
1238 2950 1368 3015 Italiam

195 3040 313 3102 itinera
340 3038 452 3102 fraude
480 3038 664 3121 mancipum
694 3045 726 3104 et
754 3040 878 3104 incuria
905 3040 1157 3125 magistratuum
1186 3039 1369 3122 interrupta

231 3253 255 3301 8.
276 3247 430 3310 Maecenas,
450 3247 491 3300 als
512 3246 708 3317 Stadtpr'afekt
725 3247 755 3301 in
845 3248 894 3303 31.
914 3252 938 3302 9.
965 3247 1081 3302 Corbulo
1099 3247 1137 3301 ist
1154 3245 1301 3303 vielleioht
1320 3245 1369 3299 der

195 3320 250 3373 den
269 3318 375 3372 Jahren
393 3323 427 3371 36
442 3316 501 3370 und
519 3323 553 3372 31
571 3335 627 3373 von
647 3318 755 3387 grosem
809 3318 896 3372 Vater
910 3318 959 3373 des
976 3318 1204 3388 gleichnamigen
1218 3316 1370 3371 Feldherm

195 3390 349 3444 amtliohen
366 3388 498 3457 Einfluls,
517 3389 609 3443 einem
628 3389 755 3443 Minister
809 3388 1371 3444 unterClaudiusundNero.—L.Snlla

195 3463 244 3516 des
271 3461 372 3515 lnnern
399 3478 433 3514 nu
458 3459 650 3528 verglcichen,
678 3460 755 3516 blieb
809 3477 867 3513 war
887 3459 1009 3514 Uronlrel
1029 3460 1077 3513 des
1097 3460 1125 3513 P.
1145 3458 1232 3526 Sulla,
1255 3459 1310 3511 den
1327 3455 1370 3511 Ci-

196 3549 280 3602 eques
299 3534 450 3586 Romanus.
811 3547 874 3585 cero
893 3531 922 3584 in
942 3532 1033 3585 einem
1051 3529 1368 3598 Hochverratspronessc

233 3608 274 3658 15.
298 3603 429 3674 Aprippa
458 3604 605 3658 Postumus
633 3620 692 3656 war
716 3604 755 3656 im
810 3598 1370 3671 (vegenTeilnahmeandenUmtrieben

195 3674 220 3730 J.
246 3680 281 3728 14
304 3675 355 3728 aul
370 3674 469 3727 Befehl
493 3675 542 3728 des
560 3673 689 3728 Tiberius
714 3692 755 3728 er·
811 3673 860 3728 des
880 3670 1011 3741 Catilina)
1030 3670 1083 3724 mit
1101 3671 1200 3739 Erfolg
1219 3668 1371 3737 verteidigt

195 3746 313 3801 mordet.
351 3746 456 3799 Sallust
474 3746 596 3813 empfing
615 3746 668 3798 den
688 3745 756 3798 Aur·
809 3742 829 3795 h
848 3745 897 3797 tte.

196 3819 260 3884 trag
279 3818 349 3869 daza
366 3816 424 3870 und
438 3815 501 3869 liess
520 3815 566 3868 die
580 3815 655 3869 That
669 3816 756 3869 durch
849 3821 889 3870 12.
909 3804 984 3868 llber
998 3814 1120 3868 Securus
1139 3810 1197 3867 und
1216 3810 1370 3866 Arruntius

195 3885 278 3939 einen
298 3886 429 3941 Centurio
448 3886 608 3940 ausffihren.
811 3902 832 3939 s.
852 3904 886 3939 uu
901 3891 926 3953 1,
947 3892 987 3939 13.

233 3962 275 4010 18.
289 3959 384 4023 satius,
393 3959 439 4012 ein
448 3956 656 4011 unklassisches
665 3958 756 4024 Wcrt,
847 3961 889 4010 15.
904 3956 1086 4012 inreverentia
1101 3954 1172 4008 auch
1191 3959 1232 4023 13,
1247 3959 1290 4018 26,
1305 3952 1370 4008 hist.

194 4023 272 4077 steht
290 4026 350 4080 hier
369 4032 460 4082 zuerst
480 4027 526 4082 bei
545 4027 669 4094 Tacitus,
689 4027 757 4081 aber
811 4033 837 4094 3,
857 4033 899 4081 51.
938 4027 1022 4081 Sonst
1034 4025 1106 4080 Plin.
1126 4042 1169 4094 ep.
1191 4030 1215 4092 6,
1235 4030 1259 4091 2,
1280 4029 1295 4076 5
1314 4022 1371 4076 und

196 4094 297 4147 immer
316 4113 346 4150 so
365 4098 395 4149 in
414 4098 468 4152 den
486 4099 629 4163 Annalem
654 4097 684 4150 in
703 4098 757 4151 den
811 4097 841 4150 in
859 4098 909 4151 der
928 4098 1062 4167 Vulgata.
1082 4126 1115 4136 -
1135 4101 1217 4165 aptus
1235 4093 1289 4148 mit
1307 4094 1372 4147 dem

195 4166 327 4217 fruheren
346 4166 485 4222 Schriften
513 4167 633 4221 braucht
657 4185 686 4221 er
704 4186 757 4221 nur
810 4166 904 4222 Dativ.
933 4166 1082 4237 gerundivi
1110 4167 1183 4221 auch
1206 4171 1231 4233 2,
1253 4172 1268 4218 6
1291 4168 1372 4234 aptae

193 4234 319 4300 satietas,
343 4236 463 4289 welches
487 4238 559 4291 auch
577 4239 606 4291 in
625 4238 680 4292 den
698 4238 754 4291 An·
809 4240 931 4305 ferendis
948 4240 1031 4307 equis,
1051 4242 1076 4305 5,
1093 4245 1117 4292 2.

195 4303 347 4382 nalenaur
364 4303 487 4373 Bildung
513 4308 562 4360 der
581 4325 661 4362 casus
685 4310 755 4365 obli·
849 4315 889 4365 19.
909 4307 961 4363 Die
975 4310 1114 4377 mancipes
1133 4306 1196 4361 sind
1211 4306 1257 4360 die
1272 4306 1372 4360 Unter·

193 4389 245 4440 qm
264 4372 350 4426 drent.
810 4380 925 4434 nehmer
942 4379 1119 4434 offentlicher
1133 4377 1250 4432 Bauten.
1266 4407 1301 4418 —
1315 4393 1372 4430 rnu-
