3092 4834
546 257 654 312 Llssau
673 257 720 313 VI.
758 257 969 313 OhP.17-18.
1282 257 1349 323 289

172 421 347 505 vehantur3
382 421 505 486 eversio
539 420 586 484 rei
617 419 790 484 familiaris
820 418 1011 504 dignitatem
1040 442 1077 484 ac
1105 420 1227 485 famam
1255 442 1348 503 prae-

172 530 246 591 ceps
280 509 391 592 dabat,
422 510 521 574 donec
552 509 630 573 tulit
663 530 758 592 opem
791 506 911 572 Caesar
943 507 1101 591 disposito
1133 530 1190 592 per
1219 531 1348 575 mensas

174 598 303 662 miliens
322 598 471 662 sestertio
489 599 641 681 factaque
660 596 828 661 mutuandi
847 596 941 679 copia
960 598 1029 660 siue
1047 597 1153 661 usuris
1172 618 1230 681 per
1246 599 1348 662 trien·

172 686 274 769 nium,
292 687 321 750 si
341 686 467 750 debitor
486 687 608 770 populo
625 685 661 750 in
676 685 810 768 duplum
825 685 966 768 praediis
982 686 1130 749 cavisset.
1166 685 1214 749 sic
1228 685 1348 750 refecta
1368 705 1400 753 15

172 773 266 858 fides,
299 779 331 838 et
362 776 520 859 paulatim
552 775 672 859 privati
705 795 832 858 quoque
865 774 1038 838 creditores
1066 773 1196 856 reperti.
1246 794 1348 856 neque

174 864 297 945 emptio
320 884 473 948 agrorum
497 864 636 927 exercita
660 863 700 927 ad
724 862 863 926 formam
887 867 1020 926 senatus
1039 862 1188 943 consulti,
1213 861 1349 940 acribus,

175 955 213 1016 ut
236 951 336 1015 ferme
360 953 454 1035 talia,
477 951 595 1030 initiis,
618 952 782 1016 incurioso
806 951 879 1014 fine.

267 1039 351 1103 Dein
375 1041 510 1104 redeunt
533 1041 656 1124 priores
680 1042 785 1103 metus
808 1039 973 1123 postulato
994 1038 1176 1103 maiestatis
1196 1035 1402 1106 Considiolss

174 1127 328 1213 Proculo,
355 1129 411 1213 qui
439 1128 530 1193 nullo
558 1149 678 1212 pavore
707 1127 792 1191 diem
818 1128 963 1192 natalem
986 1126 1155 1192 celebrans
1178 1129 1292 1210 raptus
1315 1127 1349 1189 in

175 1218 297 1281 curiam
331 1217 518 1300 pariterque
551 1217 723 1281 damnatus
755 1214 1008 1300 interfectusque
1041 1220 1099 1279 est.
1144 1215 1249 1279 sorori
1281 1214 1349 1278 eius

176 1303 312 1370 Sanciae
342 1327 427 1389 aqua
456 1310 553 1389 atque
581 1305 652 1389 igni
675 1304 881 1369 interdictum
905 1309 1077 1370 accusante
1101 1302 1137 1378 Q.
1160 1302 1350 1386 Pomponio.

173 1394 202 1457 is
231 1395 375 1459 moribus
405 1395 532 1478 inquies
560 1393 641 1457 haec
671 1396 704 1457 at
726 1392 861 1457 huiusce
884 1393 1015 1457 modia
1038 1415 1072 1457 se
1094 1392 1238 1457 factitari
1260 1413 1350 1474 prae·
1386 1409 1403 1458 5

173 1483 346 1566 tendebat,
374 1486 412 1547 ut
441 1487 536 1566 parta
560 1482 646 1564 apud
669 1481 849 1564 principem
873 1482 980 1565 gratia
1002 1481 1155 1565 periculis
1179 1480 1351 1564 Pomponii

175 1567 313 1635 Secundi
349 1571 461 1635 fratris
499 1572 690 1635 mederetur.
750 1571 848 1635 etiam
886 1570 919 1633 in
951 1569 1140 1653 Pompeiam
1170 1568 1349 1633 Macrinam

173 1659 306 1722 exilium
328 1659 492 1743 statuitur,
515 1660 605 1726 cuius
625 1658 779 1723 maritum
798 1657 999 1743 Argolicum,
1023 1679 1171 1724 socerum
1188 1656 1349 1722 Laconem

175 1767 192 1809 e
216 1747 412 1829 primoribus
436 1748 641 1814 Achaeorum
665 1746 786 1813 Caesar
810 1747 987 1811 adflixerat.
1035 1750 1128 1830 pater
1151 1767 1280 1831 quoque
1303 1745 1351 1807 in·

173 1834 285 1898 lustris
310 1856 407 1918 eques
430 1835 595 1901 Romanus
621 1857 659 1900 ac
680 1837 782 1901 frater
804 1836 997 1919 praetorius,
1021 1858 1093 1900 curn
1112 1835 1279 1899 damnatio
1303 1834 1349 1897 in·
1370 1852 1404 1899 10

174 1925 284 2003 staret,
308 1945 343 1986 se
366 1923 430 2006 ipsi
452 1924 650 1988 interfecere.
692 1923 803 1987 datum
827 1929 897 1989 erat
915 1925 1052 2002 crimini,
1075 1925 1160 2008 quod
1179 1922 1349 2006 Theopha-

172 2032 235 2074 nen
263 2010 498 2095 Mytilenaeum
528 2033 685 2094 proavum
715 2034 827 2076 eorum
855 2011 912 2078 On.
935 2012 1075 2097 Magnus
1103 2014 1189 2076 inter
1216 2011 1350 2076 intimos

171 2099 353 2183 habuisset,
395 2100 545 2184 quodque
587 2097 738 2164 defuncto
780 2100 973 2183 Theophani
1012 2102 1168 2167 caelestes
1209 2102 1350 2165 honores

174 2185 298 2252 Graeca
321 2188 467 2252 adulatio
491 2189 660 2252 tribuerat.

174 2432 248 2486 oolci
265 2432 387 2496 [animia
406 2433 479 2487 ‘sein
498 2432 659 2501 Vermdgen
677 2448 736 2486 var·
791 2448 884 2485 reram
911 2430 1003 2499 (darer
1030 2433 1126 2500 talia),
1171 2432 1251 2486 acria
1273 2438 1352 2487 orara

174 2501 275 2557 lieren'
291 2505 330 2557 ist
344 2503 737 2573 einencugebildetePhraee
791 2503 886 2568 initia,
904 2502 1061 2556 incuriosos
1074 2504 1148 2569 finis.
1180 2502 1272 2556 Wenn
1286 2518 1353 2555 man

172 2575 243 2628 statt
260 2576 344 2629 everti
361 2575 448 2630 bouis.
791 2574 845 2628 mit
867 2571 1194 2642 Nipperdey-Andresen
1213 2579 1244 2626 ot
1270 2575 1352 2640 ferme
1543 2602 1544 2643 r

209 2649 251 2699 12.
274 2646 448 2716 diqaitotem,
480 2660 579 2714 wegen
602 2646 652 2698 des
675 2660 736 2698 ver·
791 2646 862 2699 talia
880 2661 918 2698 sc.
937 2645 1022 2698 colent
1040 2644 1158 2712 erkltrt,
1179 2660 1208 2698 so
1227 2644 1353 2698 entsteht

171 2715 332 2769 mindarten
377 2716 488 2771 Census.
527 2747 561 2755 —
595 2732 736 2786 praeceps,
791 2715 836 2770 die
855 2714 1075 2784 Schwieriglreit,
1095 2714 1141 2768 die
1161 2713 1285 2769 Ablativi
1303 2715 1352 2767 ab·
1543 2706 1545 2755 l

172 2785 208 2839 cf.
227 2790 253 2851 4,
268 2791 311 2840 62.
790 2786 876 2840 soluti
895 2803 957 2839 zum
977 2785 1182 2852 Zwiachensatz
1205 2785 1247 2838 als
1265 2784 1351 2839 Abla·
1543 2820 1544 2849 ,

211 2861 253 2909 13.
295 2872 389 2910 measa
426 2854 733 2927 ‘Wechselcomptoir’.
768 2855 842 2911 'tivi
861 2857 1009 2924 qualitatis
1028 2873 1061 2909 zu
1080 2857 1199 2911 denken.
1229 2856 1294 2925 Vgl.
1308 2856 1352 2909 in·
1542 2852 1545 2921 ὲ

173 2924 269 2980 Daher
282 2928 435 2982 mensarios
454 2928 504 2982 der
517 2926 734 2982 Geldwechsler.
790 2928 887 2982 dessen
912 2932 941 2996 2,
957 2933 992 2981 39
1016 2929 1129 2982 occultis
1151 2929 1275 2996 primam
1297 2943 1352 2982 ser·
1543 2940 1544 2943 ’

209 3002 251 3052 15.
281 2999 451 3067 incaptum
474 3004 519 3054 ott.
557 2998 594 3053 Es
612 2998 736 3053 muleten
789 3000 925 3066 mortibus,
944 3005 976 3053 ot
989 3001 1073 3053 uetita
1089 3000 1183 3065 soleat,
1202 3016 1265 3054 mon
1282 3013 1352 3068 copo

172 3067 371 3124 Grundsthcke
389 3085 455 3124 vom
469 3069 623 3139 doppelten
637 3070 735 3123 Werte
789 3086 905 3125 ramore.
917 3100 949 3108 -
959 3072 1116 3125 incuriosos
1129 3069 1191 3124 hier
1206 3070 1352 3124 ‘varnach-

173 3140 222 3194 der
259 3140 378 3195 Anleiha
416 3141 458 3194 als
489 3140 641 3210 Hypothek
673 3158 733 3194 ver·
789 3139 899 3210 lassigt,
913 3141 971 3194 lau’
988 3142 1045 3195 und
1059 3143 1110 3195 auf
1122 3143 1184 3195 eine
1200 3142 1290 3195 Sache
1305 3142 1351 3194 be-

171 3210 293 3280 pfandet
310 3212 430 3268 werden.
788 3228 885 3279 rogen.
910 3211 946 3267 So
958 3211 1025 3266 Sall.
1033 3210 1065 3265 fr.
1076 3217 1142 3279 4,67
1153 3212 1200 3267 Kr.
1206 3212 1263 3266 und
1274 3212 1351 3266 Suet.

208 3285 251 3335 18.
283 3288 314 3335 at
341 3283 424 3348 foma
451 3283 522 3337 talia
551 3281 616 3336 ‘wie
634 3283 664 3336 in
684 3282 734 3336 der
788 3280 881 3335 Galba
899 3289 914 3336 3
933 3299 982 3336 racc
1004 3284 1174 3337 incuriosam
1199 3283 1350 3338 historiam.

171 3349 733 3420 RegelinsolchenDingen’3atmitdem
824 3352 873 3407 18.
892 3358 917 3404 3.
940 3354 1046 3419 pariter
1075 3352 1222 3419 ‘augleich
1243 3351 1349 3420 gleich-

171 3419 254 3475 Ncm.
284 3439 355 3489 ganz
378 3424 573 3477 unvermittelt
594 3422 733 3477 zwischen
788 3423 896 3491 zeitig',
915 3422 969 3474 wie
987 3422 1035 3474 bei
1052 3420 1225 3475 Klassilrern.

173 3491 228 3544 den
256 3491 319 3544 Ahl.
344 3492 403 3548 ahs.
427 3495 538 3547 acribus
561 3494 666 3560 initiis,
692 3496 735 3549 irr-
827 3498 851 3546 6.
875 3492 1042 3560 Pomponiae
1065 3490 1208 3546 Secundae
1236 3507 1293 3544 war
1311 3492 1351 3545 im

172 3562 351 3631 mansoriae,
364 3564 736 3632 vgl.12,7corrctafemirrac
789 3563 814 3616 J.
825 3570 859 3617 31
876 3562 1040 3631 angeklagt‚
1057 3562 1118 3615 weil
1134 3578 1164 3615 er
1178 3561 1261 3615 einen
1275 3560 1352 3616 Sohn

172 3634 363 3700 obocdicoant,
386 3651 511 3703 conpar
530 3636 685 3702 lasciniam,
704 3641 735 3689 ot
790 3635 839 3689 des
867 3633 951 3703 Sejan
981 3633 1128 3700 geschfitzt
1151 3633 1240 3686 hatte.
1285 3632 1352 3686 Sein

171 3704 335 3771 Messalina,
347 3705 572 3760 recommota
586 3708 735 3774 inlitterati,
789 3705 896 3760 Bruder
911 3704 1031 3770 Quintus
1046 3705 1196 3771 verbhrgte
1210 3701 1270 3756 sich
1283 3702 1352 3756 aher

171 3773 227 3830 Oic.
257 3774 292 3829 de
320 3776 366 3830 fin.
386 3781 416 3844 4,
436 3782 496 3843 3,6
522 3778 663 3831 hominum
685 3794 734 3831 nec
789 3775 834 3829 fr'ir
851 3776 909 3830 ihn.
946 3775 1011 3845 Vgl.
1031 3782 1062 3843 5,
1077 3780 1102 3829 8.
1123 3805 1155 3815 -
1171 3773 1350 3844 periculis-

170 3848 267 3915 spinos
280 3847 445 3913 callentium,
458 3851 490 3900 ot
505 3847 602 3914 Stoici,
616 3864 665 3902 aec
674 3864 737 3903 osca
790 3849 948 3914 mederetur,
967 3846 1001 3901 cf.
1021 3854 1051 3913 3,
1066 3852 1110 3900 24.

171 3919 353 3982 audentiam,
380 3935 419 3972 or.
443 3922 563 3983 49,163
590 3919 673 3972 cerba
701 3920 736 3974 lc·
827 3923 852 3974 9.
879 3920 1018 3986 inlustria,
1038 3919 1064 3971 d.
1079 3918 1107 3971 h.
1128 3916 1181 3970 mit
1199 3915 1262 3969 dem
1283 3913 1351 3970 Cen-

171 3990 262 4059 reuda
283 3996 349 4044 saort
365 3990 540 4059 potissimam
556 3990 620 4043 tenc
635 4005 735 4044 conan-
791 4006 837 4042 eus
856 3988 932 4043 eines
952 3988 1090 4042 Senators.

172 4061 223 4127 tic,
241 4061 288 4115 aed
306 4077 339 4115 ea
351 4077 417 4125 raon,
432 4065 463 4114 at
472 4066 579 4129 poetae,
597 4062 736 4129 acquisito
826 4064 868 4114 13.
889 4060 1077 4128 Theophanes,
1097 4058 1142 4111 ein
1161 4057 1351 4127 griechischer

171 4132 209 4185 ad
235 4147 344 4197 sonam,
372 4133 419 4186 ced
445 4137 554 4201 compta
581 4131 733 4199 demedio,
790 4131 948 4185 Historiker
972 4146 1021 4183 aus
1043 4128 1192 4198 Mytilene,
1216 4145 1274 4182 war
1295 4145 1351 4184 von

172 4199 266 4265 Quint.
283 4207 308 4268 1,
318 4206 343 4270 5,
354 4207 389 4255 24
402 4203 434 4256 id
446 4206 558 4272 coeptus
571 4204 603 4257 iri
619 4201 734 4257 &accis
790 4202 940 4272 Pompejus
955 4200 1028 4254 hoch
1043 4200 1143 4267 geehrt
1156 4201 1213 4253 und
1223 4201 1276 4254 mit
1285 4200 1350 4253 dem

170 4273 328 4326 nominibus
344 4274 454 4341 accidit,
471 4282 504 4327 at
517 4275 626 4328 Atreus.
667 4272 733 4325 Man
789 4269 1140 4341 Burgerrechtbeschenkt
1148 4271 1269 4326 worden.
1285 4270 1351 4324 Sein

172 4342 267 4396 warde
299 4345 354 4397 den
387 4343 452 4396 Satn
484 4347 558 4398 etwa
590 4345 732 4399 aulldsen:
789 4343 865 4396 Sohn
893 4343 1040 4410 Pompeios
1071 4342 1180 4409 Macer,
1209 4360 1264 4396 von
1292 4340 1350 4394 Au-

171 4428 239 4466 nam
270 4414 353 4468 tuine
379 4416 435 4480 rei,
466 4420 498 4468 ot
523 4416 607 4481 ferme
633 4415 733 4469 taliam
788 4418 887 4482 gustus
916 4431 977 4466 zum
1006 4411 1176 4467 Statthalter
1204 4428 1259 4466 von
1282 4409 1351 4464 Asia

1336 4716 1496 4778 —k
