3092 4834
171 293 173 296 -
223 250 286 314 168
368 251 397 306 Ρ,
418 249 590 306 CORNELII
607 250 729 305 TACITI
747 252 795 305 AB
814 249 973 305 EXOESSU
991 249 1069 304 DIVI
1087 247 1247 305 AUGUSTI
1325 329 1328 336 .

186 433 202 481 5
222 414 269 478 tio
293 413 456 498 disseruit,
479 414 592 478 matris
615 435 724 498 preces
748 413 941 498 obtendens,
963 413 997 477 in
1021 434 1117 497 quam
1142 412 1258 496 optimi
1283 407 1388 477 cuius·

223 523 283 584 que
314 503 428 566 secreti
461 505 592 586 questus
625 503 728 586 magis
761 501 979 567 ardescebant.
1031 501 1064 564 id
1097 521 1174 585 ergo
1204 501 1254 565 fas
1287 500 1389 583 aviae,

220 590 469 655 interfectricem
489 591 617 674 nepotis
637 591 811 675 adspicere,
831 590 970 675 adloqui,
990 590 1111 672 eripere
1130 589 1264 654 senatui.
1301 589 1387 673 quod

220 700 278 763 pro
303 680 452 744 omnibus
476 680 600 745 civibus
624 680 711 764 leges
731 679 908 757 obtineant,
930 679 986 743 uni
1005 676 1198 743 Germanico
1221 700 1288 743 non
1312 700 1387 743 eon-

219 767 344 853 tigisse.
389 767 516 832 Vitellii
544 772 576 832 et
604 768 738 833 Veranii
766 788 844 832 voce
872 766 1021 832 defletum
1050 764 1234 850 Gaesarem,
1261 766 1302 830 ab
1330 768 1388 831 im-

169 876 201 924 10
220 861 369 939 peratore
392 861 425 921 et
447 857 597 942 Augusta
620 856 784 921 defensam
807 856 1004 921 Plancinam.
1049 855 1182 939 proinde
1206 877 1328 919 venena
1354 860 1391 921 11

220 948 307 1010 artes
329 948 399 1009 tam
421 946 559 1011 feliciter
578 949 725 1029 expertas
747 949 887 1009 verteret
908 946 943 1009 in
961 942 1186 1029 Agrippinam,
1208 944 1243 1007 in
1266 944 1388 1010 liberos

220 1033 299 1115 eius,
339 1034 566 1119 egregiamque
600 1035 705 1100 aviam
742 1054 780 1097 ac
811 1038 961 1117 patruum
998 1032 1156 1117 sanguine
1188 1033 1389 1098 miserrimae

219 1121 334 1187 domus
358 1123 541 1187 exsatiaret.
585 1123 719 1187 biduum
741 1122 921 1205 superbae
944 1122 1085 1207 imagine
1110 1121 1305 1205 cognitionis
1330 1122 1387 1186 ab·

218 1214 392 1294 sumptum,
406 1215 541 1296 urgente
555 1210 684 1276 Tiberio
703 1211 823 1276 liberos
838 1210 966 1275 Pisonis
985 1214 1122 1274 matrem
1141 1209 1190 1273 uti
1207 1212 1384 1275 tuerentur.

166 1318 198 1368 15
218 1302 251 1363 et
274 1321 346 1364 cum
370 1302 572 1365 accusatores
600 1322 637 1364 ac
663 1303 763 1364 testes
788 1299 936 1365 certatim
959 1302 1148 1382 perorarent
1170 1298 1383 1382 respondente

218 1388 322 1471 nullo,
345 1389 510 1453 miseratio
540 1411 636 1473 quam
664 1388 786 1452 invidia
811 1387 998 1472 augebatur.
1043 1387 1166 1470 primus
1190 1387 1384 1451 sententiam

217 1480 352 1562 rogatus
376 1478 525 1541 Aurelius
550 1474 647 1542 Cotta
674 1477 787 1542 consul
815 1473 906 1564 (nam
934 1474 1092 1540 referente
1117 1473 1253 1539 Caesare
1282 1477 1384 1560 magi·

218 1567 339 1629 stratus
359 1588 396 1631 eo
416 1572 513 1631 etiam
533 1588 664 1630 munere
684 1562 919 1650 fungebantur)
934 1586 1052 1628 nomen
1066 1562 1193 1628 Pisonis
1208 1564 1384 1628 radendum

217 1652 311 1718 fastis
331 1655 462 1736 censuit,
480 1659 605 1738 partem
624 1656 783 1718 bonorum
801 1654 1038 1737 publicandam,
1057 1675 1132 1735 pars
1150 1656 1187 1716 ut
1201 1650 1257 1717 On.
1271 1651 1382 1717 Pisoni

165 1762 199 1810 20
216 1742 284 1807 filio
318 1745 545 1808 concederetur
576 1743 668 1826 isque
695 1764 892 1826 praenomen
922 1745 1077 1824 mutaret3
1109 1740 1152 1806 M.
1180 1741 1255 1806 Piso
1289 1746 1384 1805 exuta

217 1831 377 1916 dignitate
410 1838 442 1896 11
474 1836 605 1915 accepto
634 1831 869 1916 quinquagiens
898 1831 1049 1895 sestertio
1080 1829 1115 1894 in
1147 1830 1255 1894 decem
1282 1852 1383 1895 annos

217 1920 423 2005 relegaretur,
438 1941 590 1984 concessa
599 1919 774 1984 Plancinae
788 1920 1012 1984 incolumitate
1027 1919 1068 1985 ob
1080 1939 1190 2002 preces
1206 1917 1383 2003 Augustae.

166 2012 205 2075 18
305 2007 410 2072 Multa
428 2030 466 2072 ex
485 2030 523 2073 ea
542 2008 702 2072 sententia
720 2008 870 2093 mitigata
890 2012 966 2072 sunt
988 2008 1182 2091 aprincipe:
1206 2029 1246 2071 11
1265 2029 1384 2072 nomen

216 2094 345 2161 Pisonis
381 2096 473 2161 fastis
509 2097 715 2181 eximeretur,
748 2097 875 2180 quando
909 2096 952 2160 M.
985 2097 1135 2179 Antonii,
1172 2096 1226 2179 qui
1263 2097 1383 2161 bellum

216 2186 342 2267 patriae
369 2184 511 2264 fecisset,
539 2185 615 2249 Iulli
638 2185 787 2271 Antonii,
814 2186 868 2270 qui
897 2185 1027 2250 domum
1050 2184 1192 2270 Augusti
1219 2184 1383 2267 violasset,

217 2276 393 2340 manerent.
439 2279 471 2338 et
494 2272 537 2339 M.
561 2275 712 2338 Pisonem
739 2274 937 2358 ignominiae
966 2274 1085 2338 exemit
1108 2274 1330 2358 concessitque
1353 2273 1383 2337 ei

183 2379 198 2427 5
217 2364 354 2445 paterna
376 2364 472 2447 bona,
495 2362 575 2428 satis
598 2364 722 2447 firmus,
744 2367 783 2428 ut
806 2385 902 2445 saepe
925 2362 1114 2444 memoravi,
1139 2360 1307 2427 adversum
1331 2384 1383 2445 pe·

220 2451 348 2516 cuniam
372 2455 404 2515 et
426 2456 497 2516 tum
520 2453 642 2536 pudore
666 2453 833 2517 absolutae
854 2451 1025 2515 Plancinae
1048 2450 1247 2533 placabilior.
1289 2455 1385 2534 atque

217 2643 354 2712 Partiaip3
369 2661 391 2699 s.
406 2643 477 2697 Einl.
491 2649 515 2709 ξ.
528 2649 585 2698 110.
601 2675 635 2684 -
650 2661 711 2699 ern
719 2661 773 2713 pu·
827 2647 853 2711 4,
867 2647 901 2696 42
913 2643 1053 2697 Merulam
1067 2643 1129 2697 albo
1142 2644 1278 2697 senatorio
1293 2644 1386 2709 erasit,

217 2716 281 2769 dore
299 2722 323 2770 et
340 2716 454 2783 stapitio,
474 2732 494 2768 s.
515 2732 548 2769 zu
568 2720 591 2782 1,
610 2720 635 2769 8.
829 2714 903 2771 Suet.
926 2713 1031 2769 Domit.
1058 2720 1092 2768 23
1116 2715 1265 2769 eradendos
1287 2715 1386 2783 nbiqne

254 2792 278 2840 6.
311 2787 447 2841 ardescere
478 2787 548 2839 statt
580 2788 674 2841 ardere
706 2786 774 2840 oder
828 2787 929 2841 titnioe.

218 2857 401 2924 erardeseere,
421 2857 613 2911 1111111111
630 2856 773 2911 Historien
865 2863 905 2911 19.
921 2857 1121 2925 publicandam
1142 2856 1202 2910 scil.
1220 2872 1287 2924 esse,
1310 2856 1384 2910 daun

218 2926 275 2979 und
297 2926 438 2995 Annalen,
462 2928 540 2982 sonst
564 2927 691 2995 poetiseh
716 2929 773 2981 und
826 2933 857 2982 nt
871 2929 1067 2993 concederetur,
1082 2925 1143 2981 eine
1153 2925 1324 2996 Verletzung
1333 2928 1384 2981 der

218 2996 438 3053 nachklassisch.
458 3029 490 3037 -
510 2999 681 3064 interfectrice
701 2997 773 3052 fehlt
826 2998 1021 3066 Konzinnit‘at,
1039 2998 1092 3052 wie
1113 3004 1136 3065 1,
1157 3002 1198 3052 14.
1228 2997 1292 3067 Vgl.
1313 2995 1385 3053 11111.

216 3066 687 3135 inklassischerProsa,interfector
696 3069 773 3123 steht
827 3075 849 3135 ξ.
871 3075 934 3135 119,
956 3076 997 3123 11.
1017 3100 1050 3109 -
1070 3067 1118 3123 Cn.
1138 3068 1202 3124 Piso
1221 3070 1308 3123 neunt
1327 3068 1386 3122 sich
1431 3091 1433 3096 ’

218 3137 304 3191 sehon
322 3137 368 3192 bei
387 3136 482 3192 Cicero
501 3157 527 3206 p.
546 3138 605 3192 Mil.
625 3144 668 3207 21,
683 3144 724 3193 12.
828 3139 943 3195 deshalb
964 3139 1185 3209 111111111111.

255 3213 295 3260 11.
310 3209 608 3278 enpertnspassiviscb,
623 3210 675 3264 wie
686 3228 727 3278 cp.
740 3214 773 3264 14
863 3217 905 3265 21.
931 3212 1078 3282 dignitate,
1097 3210 1219 3263 n‘amlich
1237 3212 1385 3265 senatoria.

217 3282 386 3334 centuriones
404 3281 515 3335 oirtntis
533 3287 666 3349 expertae.
698 3280 773 3334 Heiu-
863 3281 944 3336 lua.
955 3281 1227 3337 MAntonineward
1237 3285 1272 3333 44
1284 3299 1309 3337 v.
1321 3279 1383 3336 Chr.

216 3350 285 3419 liger
298 3351 344 3404 bei
357 3351 460 3420 Livius,
476 3370 498 3406 z.
514 3352 544 3407 B.
556 3356 633 3433 1,17,
644 3359 668 3406 3.
695 3351 774 3405 Aueh
828 3353 914 3421 (beim
924 3353 1070 3407 Ausbruch
1085 3354 1134 3406 des
1143 3350 1383 3432 Mutinensiscben

214 3422 773 3573 111111ἴῦ111111011111111111
828 3424 944 3549 trel
955 3422 1386 3562 tllttntltsslllffalt

215 3564 331 3635 gestellt
348 3566 401 3619 wie
421 3572 445 3633 1,
464 3571 498 3619 42
518 3566 575 3619 und
594 3564 674 3620 diter.
827 3565 872 3619 1111
899 3564 981 3620 einen
1011 3564 1099 3619 Peind
1127 3566 1176 3618 des
1205 3566 1316 3620 Stantes
1344 3580 1385 3619 er-

253 3642 294 3690 16.
317 3653 399 3705 qnam
431 3637 504 3690 ohne
534 3637 774 3706 voraulgehendes
829 3636 943 3693 11111111.
980 3635 1045 3691 Sein
1066 3635 1142 3691 Sohn
1164 3635 1203 3689 ist
1219 3635 1311 3689 lullus
1330 3635 1385 3689 An·

211 3709 313 3778 petina.
828 3709 933 3776 tonius,
958 3708 1007 3762 der
1029 3723 1128 3775 wegen
1148 3705 1311 3761 Ehebruchs
1334 3704 1387 3759 mit

252 3784 294 3832 11.
313 3765 388 3833 iiber
407 3778 487 3837 corta
505 3798 526 3832 e.
546 3785 613 3845 12,
633 3782 674 3832 32.
828 3780 878 3833 der
899 3778 988 3846 Julia,
1013 3777 1134 3832 Tochter
1162 3776 1210 3831 des
1233 3775 1384 3847 Augustus,

253 3855 293 3904 18.
313 3866 430 3904 mnnere.
462 3849 505 3902 Da
525 3850 569 3903 bei
588 3849 693 3904 diesem
707 3849 773 3904 Pro·
826 3850 945 3905 beetraft
962 3848 1047 3904 ward.

215 3920 773 3989 111111111111111311111111,11111111
863 3926 888 3975 5.
907 3922 1049 3975 adoerenrn
1061 3919 1215 3989 pecuniam.
1245 3917 1384 3987 Beispiele

216 3988 474 4045 alleAnwesenden
488 3990 538 4044 auf
549 3988 674 4059 gleicher
685 3989 771 4058 Stufe,
827 3992 917 4045 eeiner
934 3991 1063 4060 Freigebi
1083 3988 1145 4045 keit
1167 3991 1225 4044 und
1247 3988 1386 4058 Uneigen-

215 4061 297 4113 unter
319 4061 387 4114 ihm.
426 4062 508 4116 Sonst
527 4060 640 4115 wurden
660 4061 704 4115 die
724 4061 773 4114 Bo·
826 4061 982 4131 1111131111
1018 4008 1099 4132 giebt
1126 4061 1240 4116 Tacitus
1273 4061 1304 4114 in
1331 4061 1386 4113 den

216 4133 310 4183 amten
337 4130 384 4184 bei
412 4131 462 4185 der
487 4131 680 4201 regelrechten
707 4130 772 4184 Um·
826 4133 928 4186 beiden
943 4134 1036 4186 ersten
1050 4131 1187 4187 Buchern.
1224 4132 1277 4186 Dio
1292 4136 1336 4196 57,
1351 4136 1384 4184 10

216 4199 772 4270 111311111111111111131111311311,
827 4198 966 4271 οὔτεγὰρ
990 4200 1138 4258 ἀπέκτεινε
1159 4202 1307 4274 χρημάτων
1328 4200 1385 4256 ἕνε-

216 4270 340 4322 konnten
365 4271 431 4325 aber
454 4275 522 4326 stete
543 4272 773 4340 unaul'gefordert
826 4293 864 4327 nc
889 4271 995 4328 οὐδένα
1020 4270 1085 4329 οὔτε
1105 4272 1205 4328 οὐσίαν
1224 4270 1301 4335 τινὸς
1323 4268 1385 4327 τότε

216 4339 266 4392 dae
281 4338 362 4392 Wort
377 4341 522 4408 ergreifen.
540 4374 576 4382 —
593 4346 689 4397 radere
703 4345 773 4398 etatt
826 4364 858 4412 pa
887 4340 1049 4413 ἐδήμευσεν.
1099 4346 1233 4414 Dagegen
1261 4344 1386 4399 mordete

216 4409 325 4463 eradere
343 4426 395 4462 nur
413 4410 472 4463 hier
491 4412 536 4465 bei
549 4411 669 4468 Tacitus.
707 4412 772 4482 Vgl.
827 4414 955 4485 Caligula
973 4430 1022 4468 aus
1041 4415 1172 4483 Habgier.
