3092 4834
234 259 301 323 314
380 260 410 313 Ρ.
430 259 601 316 CORNELII
618 258 737 313 TAOITI
755 261 804 314 AB
822 257 985 315 EXUESSU
1004 259 1081 315 DIVI
1099 260 1257 317 AUGUSTI

198 422 319 508 equod
347 422 433 486 inter
460 422 602 487 ludibria
625 425 657 486 et
678 422 824 506 pericula
848 423 978 487 anxiam
1003 426 1165 488 senectam
1189 423 1408 509 toleravisset,

233 512 288 575 diu
317 507 446 594 Seiano,
473 532 558 576 nunc
587 511 746 589 Macroni,
780 533 907 594 semper
935 511 1031 576 alieni
1058 512 1241 594 potentium
1268 512 1406 596 invisus,

232 621 299 664 non
317 600 420 682 eulpa,
439 600 495 664 sed
514 604 550 663 ut
569 599 767 684 flagitiorum
787 599 957 682 inpatiens.
995 621 1072 663 sane
1091 621 1210 683 paucos
1232 599 1271 665 ad
1291 623 1407 685 supre-

233 710 287 751 ma
318 687 473 771 principis
507 688 575 752 dies
607 709 701 771 posse
733 688 843 752 vitari:
877 709 972 772 quern
1001 689 1041 752 ad
1069 688 1201 753 modum
1228 711 1405 754 evasurum

232 776 431 841 imminentis
459 775 644 840 iuventam?
672 797 728 861 an,
758 797 830 840 cum
861 775 1010 840 Tiberius
1040 781 1115 860 post
1141 780 1268 842 tantam
1294 799 1404 842 rerum

179 879 212 928 10
232 865 462 949 experientiam
485 865 517 928 vi
541 864 773 929 dominationis
797 865 968 929 convulsus
993 868 1026 929 et
1043 869 1188 930 mutatus
1208 865 1260 948 sit,
1283 864 1403 930 Gaium

232 951 403 1018 Gaesarem
430 953 483 1017 vix
512 953 605 1017 finita
631 953 783 1036 pueritia,
815 954 966 1039 ignarum
995 953 1140 1018 omnium
1168 957 1225 1018 aut
1251 954 1404 1037 pessimis

230 1042 441 1124 innutritum,
473 1042 607 1106 meliora
639 1042 873 1125 capessiturum
901 1041 1052 1106 Macrone
1076 1042 1168 1124 duce,
1201 1041 1256 1127 qui
1284 1047 1321 1106 ut
1349 1043 1403 1107 de·

230 1131 331 1196 terior
350 1130 389 1194 ad
410 1130 656 1214 opprimendum
672 1128 825 1195 Seianum
846 1130 987 1195 delectus
1007 1131 1103 1214 plura
1121 1152 1178 1214 per
1197 1131 1403 1195 scelerarem

229 1218 396 1302 publicam
420 1217 694 1284 conflictavisset?
733 1223 940 1302 prospectare
962 1219 1027 1283 iam
1047 1240 1081 1283 se
1100 1219 1204 1283 acrius
1225 1219 1404 1303 servitium,

179 1322 211 1371 15
231 1329 331 1391 eoque
359 1307 470 1391 fugere
498 1307 595 1371 simul
623 1310 695 1372 acta
723 1311 757 1372 et
784 1308 949 1372 instantia.
995 1306 1076 1372 haec
1104 1308 1188 1372 vatis
1210 1306 1246 1370 in
1269 1308 1402 1372 modum

230 1396 384 1460 dictitans
398 1417 496 1460 venas
511 1394 655 1460 resolvit.
688 1395 881 1461 documento
896 1396 1064 1480 sequentia
1078 1400 1174 1460 erunt
1183 1396 1266 1459 benc
1276 1394 1402 1460 Arrun-

228 1485 311 1548 tium
340 1488 444 1548 morte
472 1506 575 1548 usum.
620 1483 786 1548 Albucilla
812 1484 912 1549 inrito
939 1485 1006 1548 ictu
1034 1484 1076 1548 ab
1105 1488 1207 1549 semet
1230 1484 1402 1569 vulnerata

228 1574 320 1637 iussu
354 1577 483 1637 senatus
517 1573 550 1635 in
584 1592 743 1637 carcerem
777 1573 887 1637 fertur.
938 1576 1123 1655 stuprorum
1152 1573 1220 1637 eius
1249 1572 1401 1657 ministri,

228 1658 394 1725 Carsidius
414 1659 569 1725 Sacerdos
593 1660 774 1744 praetorius
794 1661 882 1725 utin
901 1661 1040 1726 insulam
1061 1661 1294 1744 deportaretur,
1316 1660 1401 1724 Pon-

176 1764 210 1811 20
229 1750 295 1815 tius
314 1748 525 1833 Fregellanus
549 1749 713 1812 amitteret
732 1748 878 1813 ordinem
898 1748 1106 1832 senatorium,
1125 1753 1158 1813 et
1177 1749 1306 1813 eaedem
1325 1770 1400 1831 poe·

227 1859 289 1901 nae
311 1838 346 1901 iu
369 1836 514 1901 Laelium
532 1836 673 1901 Balbum
698 1836 922 1922 decernuntur,
945 1836 978 1902 id
1003 1837 1130 1922 quidem
1154 1836 1401 1916 alaetantibus‚

228 1927 305 2010 quia
332 1925 452 1989 Balbus
480 1925 564 1989 truci
592 1925 777 2008 eloquentia
803 1925 1001 2009 habebatur,
1031 1930 1202 2009 promptus
1231 1925 1402 1990 adversum

226 2015 382 2078 insontes.

173 2100 217 2165 49
317 2101 419 2164 lsdem
448 2101 561 2166 diebus
585 2097 656 2166 Sex.
679 2101 835 2186 Papinius
864 2100 1025 2168 consulari
1048 2101 1173 2167 familia
1195 2102 1401 2185 repentinum

228 2193 260 2252 et
283 2190 457 2254 informem
480 2191 603 2254 exitum
621 2190 753 2275 delegit,
776 2190 861 2256 iacto
886 2191 919 2256 in
943 2211 1097 2274 praeceps
1116 2211 1258 2274 corpore.
1300 2211 1401 2254 causa

153 2325 157 2333 .
227 2278 268 2342 ad
295 2281 433 2342 matrem
461 2278 677 2361 referebatur,
705 2300 787 2362 quae
815 2280 938 2362 pridem
967 2279 1136 2362 repudiata
1164 2278 1400 2343 adsentationi-

226 2366 287 2431 bus
317 2370 411 2452 atque
440 2368 517 2432 luxu
546 2368 742 2452 perpulisset
765 2368 915 2432 iuvenem
939 2369 979 2432 ad
1003 2389 1054 2450 ea,
1082 2389 1219 2451 quorum
1243 2367 1400 2450 effugium

191 2469 207 2518 5
226 2477 292 2521 non
310 2455 374 2521 nisi
393 2460 498 2521 morte
516 2456 685 2520 inveniret.
721 2455 823 2541 igitur
841 2461 992 2522 accusata
1005 2456 1039 2520 in
1054 2460 1178 2540 senatu,
1197 2477 1396 2539 quamquam

225 2565 332 2629 genua
363 2551 493 2628 patrum
525 2544 750 2609 advolveretur
783 2545 968 2629 luctumque
997 2565 1202 2609 communem
1231 2547 1264 2608 et
1292 2544 1398 2628 magis

224 2719 304 2773 aliud
313 2719 511 2787 poenitendam
525 2717 601 2786 (cibe)
610 2734 692 2787 qaam
701 2717 781 2787 qaod,
835 2717 878 2772 los
899 2718 948 2771 des
962 2718 1093 2773 Vertates
1107 2716 1261 2786 angeklagt
1274 2717 1397 2784 worden,

224 2789 259 2842 cf.
275 2788 330 2843 Cic.
347 2789 382 2843 ad
398 2790 456 2843 Att.
473 2796 497 2856 ⁷,
512 2793 537 2856 3,
553 2794 568 2843 3
585 2794 693 2844 tantam
707 2790 783 2844 abeat
835 2795 974 2858 marquart
991 2789 1128 2856 frmeota
1145 2790 1246 2842 boetem
1266 2783 1397 2853 Tacfari-

223 2864 255 2913 at
273 2877 359 2914 meam
376 2860 423 2913 ille
440 2860 601 2914 sententiam
619 2865 731 2926 moneat,
750 2865 783 2914 ut
835 2861 1090 2926 retentavieeett,
1106 2863 1147 2912 13.
1162 2859 1323 2913 -Pcretias
1336 2859 1396 2912 und

222 2930 302 2984 aeide
315 2946 362 2998 epo
374 2931 440 2998 ipsi,
454 2932 526 2999 qaod
540 2931 572 2984 de
585 2946 638 2985 aaa
648 2933 783 2986 cententio
836 2931 944 2986 Balbus
962 2930 1024 2985 sind
1043 2929 1121 2984 sonet
1138 2930 1218 2983 nicht
1235 2929 1372 2983 bekannt.

223 3001 373 3066 decesserit,
386 3002 585 3067 paenitendum
600 3006 701 3068 putem.
872 3007 915 3056 22.
930 3003 1004 3056 traci
1016 3002 1176 3070 eloquentia.
1192 3000 1219 3055 S.
1235 2999 1307 3054 Einl.
1317 3003 1341 3064 ξ.
1354 3004 1399 3054 38.

260 3074 301 3123 10.
333 3071 503 3137 experientia
532 3069 733 3139 ‘Erfahrung',
760 3090 782 3126 s.
873 3070 921 3127 49.
947 3079 970 3125 1.
994 3070 1050 3126 Der
1072 3070 1160 3125 Vater
1182 3071 1232 3124 des
1255 3071 1398 3138 Papinius

223 3158 255 3192 nu
286 3144 315 3206 1,
341 3145 359 3192 4
385 3155 470 3208 aeque
496 3155 588 3195 remorre
615 3142 784 3210 experientia
838 3159 896 3196 war
912 3143 952 3195 im
970 3141 994 3197 J.
1015 3148 1049 3195 36
1068 3141 1176 3196 Konsul
1194 3157 1333 3211 genesen.

222 3214 316 3264 tantae
333 3210 399 3264 moti
413 3226 478 3280 par.
498 3240 532 3249 -
551 3212 696 3267 convulsus
715 3211 782 3265 ‘aue
872 3219 896 3267 3.
924 3213 1073 3283 repudiata
1100 3213 1307 3278 ‘verschmaht
1336 3228 1399 3266 ver-

223 3280 314 3334 seiner
336 3279 418 3334 Bahn
440 3279 593 3351 gerissen',
617 3282 644 3337 d.
666 3283 694 3337 h.
716 3299 782 3336 vom
836 3284 944 3338 lassen’
965 3299 1020 3336 von
1038 3281 1128 3336 ihrem
1147 3282 1259 3338 Gatten.

222 3350 336 3406 rechten
355 3352 444 3421 Wege
463 3352 628 3422 abgalenki,
648 3359 678 3421 4,
692 3358 735 3410 40.
829 3398 830 3401 .
872 3361 897 3410 6.
928 3355 1038 3409 adcola
1064 3353 1118 3407 mit
1145 3352 1210 3408 dem
1234 3352 1395 3421 Accusativ,

258 3426 299 3479 14.
324 3424 480 3491 conflictare
502 3424 556 3479 mit
578 3425 642 3478 dem
659 3423 781 3479 Accusa-
835 3425 888 3478 wie
913 3430 1004 3493 1,13;
1026 3429 1071 3492 15,
1088 3428 1135 3492 11,
1154 3424 1219 3478 hist
1238 3428 1269 3492 4,
1283 3427 1316 3477 81
1337 3425 1396 3477 und

221 3492 263 3547 tiv
290 3493 343 3548 hat
369 3494 483 3549 Tacitus
509 3514 562 3549 nur
586 3495 656 3550 hier.
698 3493 782 3549 Sonat
836 3495 903 3550 Sall.
918 3495 951 3551 fr.
966 3496 1020 3550 inc.
1036 3500 1070 3549 30
1083 3493 1130 3548 Kr.
1150 3526 1186 3535 -
1204 3494 1258 3548 nir
1276 3510 1395 3548 commu»

222 3564 378 3632 gebraucht
397 3582 427 3618 er
441 3582 479 3633 es,
499 3567 553 3620 wie
567 3566 614 3620 die
628 3564 781 3633 Klassikcr,
835 3582 896 3620 erem
919 3565 1069 3636 appelliert
1092 3565 1132 3619 sic
1155 3582 1192 3619 an
1215 3566 1266 3619 das
1284 3564 1397 3619 Mitleid

220 3635 261 3689 im
285 3633 394 3699 Passiv3
422 3637 464 3689 als
490 3635 579 3691 Aktiv
604 3636 683 3690 dicnt
710 3637 782 3690 auch
837 3636 887 3691 der
904 3636 1028 3691 Richter.
1061 3637 1210 3690 communie
1228 3653 1284 3690 von
1303 3635 1395 3689 eincm

220 3705 280 3759 ihm
299 3707 449 3774 adflictare.
837 3706 1053 3762 entechiedenen
1066 3705 1197 3776 Unglv'ielr
1216 3723 1248 3761 so
1265 3705 1323 3763 viel
1341 3706 1395 3760 wie

258 3782 299 3833 13.
316 3778 380 3831 berre
394 3807 428 3816 -
442 3794 521 3832 usam
539 3776 613 3830 ‘dass
632 3775 780 3831 Arruntius
837 3776 1396 3847 ‘unvermcidlich’,vorauijederimmer

221 3848 275 3917 gut
297 3848 404 3916 gethan
423 3866 457 3901 au
475 3849 617 3914 sterben';
641 3849 706 3903 berre
723 3848 780 3901 Ad·
835 3848 940 3917 gelasst
961 3849 1021 3903 sein
1044 3847 1131 3915 muse,
1157 3848 1211 3902 vie
1234 3864 1318 3912 mors,
1347 3847 1395 3901 die

220 3917 348 3973 verbium
366 3918 415 3972 des
433 3917 552 3985 Urteils,
572 3919 754 3987 of.1,1e,e.
834 3936 919 3988 aequo
925 3920 1021 3988 prebat
1028 3920 1096 3987 pede
1101 3936 1259 3990 pauperum
1266 3920 1395 3974 tabanus

257 3992 299 4044 18.
316 3994 475 4057 stuprorum
488 3991 548 4044 eius
560 3990 691 4055 ministri,
711 3987 779 4044 Uar·
832 4007 977 4062 regamque
990 3996 1079 4044 timec
1092 3991 1158 4043 Hor.
1174 4006 1258 4045 carm.
1275 3995 1299 4057 1,
1313 3993 1394 4059 4,13,

219 4060 310 4113 sidiuc
333 4065 365 4113 at
382 4062 584 4131 deportaretur,
608 4059 728 4115 Pontiae
747 4092 781 4100 -
836 4062 921 4115 sowie
935 4077 992 4115 von
1004 4058 1208 4115 zveifelhaften
1219 4059 1331 4129 Diagon
1339 4059 1394 4113 vie

222 4130 356 4182 amitteret
383 4130 432 4198 (sc.
461 4132 617 4187 decernitur
643 4147 693 4185 aus
717 4131 782 4185 dem
834 4132 962 4200 sortimur,
990 4132 1075 4186 deren
1102 4130 1304 4185 launenhaiten
1326 4129 1394 4184 Ent-

220 4198 373 4266 folgenden
386 4201 569 4257 decaaantwr
578 4221 613 4256 zu
623 4205 781 4272 argaman).
835 4203 1024 4271 scheidungen
1042 4202 1123 4269 jeder
1142 4202 1327 4257 unterworfen
1346 4199 1393 4254 ist.

220 4258 297 4322 Uber
324 4266 370 4320 die
388 4269 536 4339 Appositio
555 4270 736 4328 distributiva
758 4291 780 4329 s,
835 4274 896 4328 Ter.
908 4272 1021 4328 Phara
1035 4273 1154 4340 Pericle,
1168 4273 1394 4342 commacerare

221 4355 254 4390 2¹1
272 4344 302 4405 2,
318 4342 360 4391 64·
834 4345 942 4399 rediere
967 4359 1069 4411 seraper
1096 4359 1184 4398 cecam
1211 4343 1307 4411 copitet
1334 4346 1395 4395 Aut

258 4412 300 4460 19.
317 4406 461 4462 Carsidius
474 4427 534 4464 war
547 4411 666 4465 111113
677 4411 780 4482 erfolg-
833 4415 877 4482 fili
889 4419 1031 4484 peccatam
1044 4419 1094 4469 aret
1107 4414 1205 4469 camir
1217 4417 1328 4468 mortem
1342 4418 1394 4466 aut
