3092 4834
227 253 294 318 224
374 254 404 308 Ρ.
424 253 595 310 CORNELII
613 253 734 309 TACITI
751 253 800 308 AB
818 252 981 310 EXOESSU
999 254 1078 310 DIVI
1095 254 1256 311 AUGUSTI

227 437 402 500 eorumque
437 416 585 501 exemplo
618 416 716 482 ceteri
748 417 945 500 sacerdotes,
982 439 1055 483 cum
1088 440 1147 502 pro
1180 418 1405 484 incolumitate

227 505 382 589 principis
406 508 482 571 vota
505 505 713 589 susciperent,
739 504 903 572 Neronem
927 527 1055 590 quoque
1078 510 1111 571 et
1134 507 1277 571 Drusum
1300 507 1405 572 isdem

228 593 278 657 dis
297 593 570 672 commendavere,
592 598 746 659 nontam
765 595 902 659 caritate
920 594 1072 659 iuvenum
1092 615 1189 678 quam
1209 595 1407 674 adulatione,

192 696 208 744 s
229 702 311 766 quae
334 682 479 747 moribus
503 683 663 765 corruptis
687 681 818 766 perinde
842 702 974 768 anceps,
999 682 1028 746 si
1050 684 1142 747 nulla
1165 687 1199 747 et
1221 684 1278 748 ubi
1301 684 1406 749 nimia

227 773 285 836 est.
324 792 402 834 nam
424 770 572 835 Tiberius
595 769 681 835 haud
706 792 849 854 unquam
874 771 984 835 domui
1003 769 1188 836 Germanici
1212 772 1309 854 mitis,
1331 776 1405 837 turn

225 879 302 924 vero
336 860 467 942 aequari
496 859 716 924 adulescentes
745 862 894 924 senectae
922 880 998 923 suas
1026 859 1223 944 inpatienter
1250 859 1405 943 indoluit3

226 947 410 1031 accitosque
436 947 607 1033 pontifices
631 951 841 1031 percontatus
865 951 928 1029 est,
956 969 1034 1012 num
1057 947 1090 1012 id
1112 949 1262 1031 precibus
1285 947 1406 1032 Agrip·

225 1036 322 1120 pinae
351 1039 408 1099 aut
435 1035 533 1100 minis
560 1035 763 1101 tribuissent.
801 1039 847 1100 et
873 1035 922 1099 illi
950 1036 1093 1120 quidem,
1121 1058 1318 1121 quamquam
1347 1038 1407 1101 ab·

174 1138 207 1189 10
226 1127 376 1207 nuerent,
409 1124 534 1189 modice
561 1124 739 1208 perstricti,
768 1124 889 1189 etenim
916 1146 993 1207 pars
1021 1145 1141 1209 magna
1169 1147 1186 1189 e
1214 1125 1407 1210 propinquis

228 1212 330 1296 ipsius
356 1216 414 1276 aut
435 1212 594 1297 primores
617 1212 758 1277 civitatis
779 1215 887 1297 erant3
910 1217 1050 1277 ceterum
1069 1214 1103 1276 in
1122 1216 1237 1277 senatu
1256 1214 1406 1279 oratione

228 1301 356 1367 monuit
387 1301 422 1365 in
451 1304 631 1384 posterum,
662 1323 702 1365 ne
730 1301 803 1386 quis
830 1301 966 1365 mobiles
995 1301 1249 1366 adulescentium
1277 1301 1407 1367 animos

227 1390 444 1472 praematuris
459 1389 638 1455 honoribus
652 1390 692 1454 ad
708 1389 893 1474 superbiam
909 1390 1087 1456 extolleret
1123 1390 1271 1455 instabat
1285 1389 1407 1475 quippe

229 1475 364 1543 Seianus
393 1477 564 1543 incusabat
550 1482 626 1562 tque
654 1478 817 1543 diductam
845 1479 922 1544 civrt
899 1479 1010 1543 tatem
1033 1481 1071 1543 ut
1093 1478 1183 1543 civili
1205 1478 1306 1543 bello:
1335 1500 1407 1543 esse

176 1580 209 1629 15
228 1565 285 1649 qui
304 1587 339 1630 se
357 1566 500 1649 partium
519 1567 721 1652 Agrippinae
740 1570 865 1649 vocent,
889 1586 926 1631 ac
945 1566 980 1630 ni
998 1567 1133 1631 resistat
1118 1570 1181 1650 t,ur
1201 1565 1270 1631 fore
1289 1567 1408 1651 pluris3

228 1676 332 1739 neque
370 1655 456 1719 aliud
490 1655 658 1739 gliscentis
691 1655 871 1721 discordiae
903 1654 1093 1737 remedium,
1131 1676 1228 1739 quam
1262 1655 1289 1719 si
1322 1677 1406 1720 unus

229 1743 352 1808 alterve
376 1743 514 1807 maxime
539 1743 685 1826 prompti
673 1745 983 1808 1.subverterentur

175 1830 217 1894 18
318 1830 389 1906 Qua
410 1852 508 1897 causa
526 1829 562 1897 0.
581 1828 696 1895 Silium
715 1835 748 1896 et
766 1831 889 1896 Titium
909 1830 1066 1897 Sabinum
1084 1830 1282 1914 adgreditur.
1324 1831 1405 1895 ami-

228 1920 306 1984 citia
324 1918 509 1984 Germanici
531 1920 711 2002 perniciosa
733 1921 871 2006 utrique,
895 1918 975 1986 Silio
1000 1923 1032 1984 et
1051 1920 1136 2003 quod
1155 1919 1190 1983 in
1214 1919 1298 1984 entis
1318 1940 1406 1984 exer·

228 2008 312 2072 citus
337 2010 463 2090 septem
486 2028 544 2092 per
567 2028 669 2072 annos
694 2009 877 2074 moderator
899 2008 1065 2093 partisque
1090 2007 1175 2092 apud
1191 1940 1406 2073 &armeniam

228 2094 481 2178 triumphalibus
511 2094 728 2161 Sacroviriani
760 2097 839 2162 belli
866 2097 983 2179 victor,
1016 2101 1138 2181 quanto
1167 2094 1290 2161 maiore
1319 2096 1407 2161 mole

192 2184 424 2267 oprocideret,
451 2185 525 2269 plus
552 2184 737 2251 formidinis
764 2186 799 2250 in
823 2187 904 2251 alios
927 2184 1187 2270 dispergebatur.
1233 2183 1407 2249 credebant

227 2272 375 2356 plerique
407 2276 536 2338 auctam
570 2274 780 2339 offensionem
807 2274 909 2358 ipsius
936 2273 1201 2357 intemperantia,
1233 2273 1405 2338 immodice

228 2360 380 2426 iactantis
413 2384 507 2428 suum
539 2361 679 2427 militem
710 2363 745 2427 in
776 2362 932 2448 obsequio
964 2362 1147 2445 duravisse,
1179 2382 1251 2426 cum
1280 2361 1335 2425 elii
1363 2361 1406 2427 sd

229 2451 405 2515 seditiones
434 2450 693 2536 prolaberentur,
720 2473 824 2535 neque
853 2472 1040 2515 mansurum
1064 2448 1194 2515 Tiberio
1222 2450 1406 2536 imperium,

228 2539 256 2602 si
282 2538 324 2603 iis
353 2560 480 2625 quoque
508 2539 690 2624 legionibus
720 2540 838 2623 cupido
864 2539 1006 2604 novandi
1030 2538 1154 2603 fuisset.
1200 2538 1323 2602 destrui
1346 2559 1406 2621 per

174 2642 208 2690 10
227 2627 308 2692 haec
331 2627 495 2693 fortunam
519 2650 611 2692 suam
631 2625 751 2694 ansar
773 2628 983 2711 inparemque
1006 2630 1097 2691 tanto
1123 2627 1237 2691 merito
1261 2627 1404 2692 rebatur.

226 2738 303 2780 nam
326 2716 481 2781 beneficia
500 2737 537 2781 eo
556 2738 658 2800 usque
677 2717 764 2781 laeta
784 2720 867 2801 sunt,
891 2716 966 2779 dum
984 2715 1133 2779 videntur
1152 2714 1274 2779 exsolvi
1293 2736 1403 2797 posse:

226 2804 284 2869 ubi
306 2807 444 2869 multum
469 2808 674 2888 antevenere,
697 2828 756 2889 pro
781 2805 888 2890 gratia
912 2803 1018 2869 odium
1044 2803 1196 2868 redditur.

262 2993 311 3047 17.
331 2998 355 3046 3.
374 2996 624 3062 ootasuscipereut.
656 2995 713 3048 Fur
730 2995 786 3049 den
842 2996 934 3051 Titius
953 2995 1076 3051 Sabinus
1094 2995 1204 3049 kommt
1225 2992 1286 3049 hier
1310 2996 1406 3048 suerat

225 3063 326 3117 Kaiser
339 3062 463 3132 geschah
481 3064 541 3118 dies
560 3065 609 3134 allj
611 3063 720 3118 ‘ahrlioh
739 3082 785 3120 am
839 3083 897 3123 vor

227 3134 344 3198 dritten,
373 3134 418 3187 fur
441 3133 496 3187 den
519 3083 608 3189 StaatJ
614 3153 668 3188 am
692 3139 786 3191 ersten
875 3143 900 3191 2.
920 3136 990 3192 Silio
1009 3142 1034 3191 et
1053 3136 1113 3205 (boc
1126 3135 1313 3205 perniciosum
1330 3138 1401 3202 erut)

227 3207 340 3260 Januar
364 3233 399 3243 -
420 3204 494 3259 Nero
512 3206 569 3259 und
588 3206 700 3261 Drusus
722 3207 785 3261 sind
838 3207 919 3279 quod.

226 3274 274 3329 die
292 3274 385 3330 Sdhne
404 3275 452 3329 des
471 3273 660 3331 Germanicus
875 3283 899 3334 4.
919 3277 981 3332 Deu
996 3276 1152 3347 gallischen
1166 3276 1306 3331 Aulstand
1319 3276 1403 3329 unter

262 3350 286 3399 4.
310 3348 478 3401 curitutc-
497 3348 664 3402 adulatione
710 3336 786 3403 Uber
841 3348 970 3404 Sacrovir
1001 3348 1101 3418 schlug
1129 3346 1214 3401 Silius
1246 3345 1337 3401 imJ
1367 3351 1403 3401 21

223 3417 282 3474 den
295 3417 430 3473 kausalen
444 3417 540 3473 Ablat
519 3420 602 3475 trvs.
616 3417 689 3474 Einl
704 3425 726 3486 5.
742 3424 785 3477 33.
841 3419 944 3475 uieder.
963 3420 1009 3489 Vg
1009 3418 1027 3474 l
1038 3425 1064 3486 3,
1074 3367 1233 3473 48343-
1244 3418 1404 3473 belliuictor

263 3495 287 3545 5
319 3491 357 3556 si,
386 3489 461 3543 danu
488 3490 549 3558 ubi,
582 3489 705 3545 disselbe
731 3490 786 3545 Ab·
842 3490 927 3547 sehon
944 3438 1009 3544 beig
1010 3490 1128 3545 Plautus
1146 3488 1204 3543 und
1224 3487 1330 3544 Cicero

225 3532 406 3628 wechseliung
424 3561 474 3614 der
487 3533 560 3615 Kori
564 3559 721 3616 unlrtioneu
734 3562 787 3616 vis
878 3558 1189 3631 assumeremus
1208 3558 1372 3614 Monterei
1363 3576 1404 3612 rm

226 3636 251 3698 1,
270 3637 305 3686 44
324 3646 369 3684 am
382 3631 471 3699 Ende,
489 3632 524 3685 cf.
544 3579 637 3696 duint
658 3638 786 3701 4,1,42;
840 3633 866 3691 J
887 3605 920 3686 14
943 3632 1029 3686 brach
1050 3647 1095 3685 am
1113 3629 1300 3685 Niederrhein
1320 3631 1404 3697 unter

225 3702 290 3758 Val
306 3702 414 3769 Μιι.,3
429 3706 494 3769 8,6
525 3702 579 3756 Zur
593 3673 787 3758 Allitteratiori
841 3703 896 3759 den
913 3702 974 3758 viar
992 3702 1136 3772 Legiones
1154 3701 1203 3754 des
1221 3699 1325 3756 Ottcine
1344 3715 1403 3754 aus

225 3775 276 3827 der
304 3743 477 3842 Gegenittie
506 3774 546 3841 (1,
575 3778 623 3840 58,
653 3776 696 3857 12)
729 3773 786 3843 vgl
842 3773 869 3828 S
889 3781 914 3842 1,
933 3778 975 3829 31

227 3845 289 3899 Seu.
305 3859 348 3912 ep.
362 3849 407 3912 89,
421 3844 527 3898 sidem
545 3845 617 3897 culm
630 3845 693 3899 uitii
708 3845 790 3900 babet
877 3851 902 3900 8.
925 3834 1085 3899 mansurum
1104 3842 1162 3898 scil.
1186 3842 1279 3932 fuisse
1319 3841 1346 3896 S
1370 3859 1403 3895 zu

224 3916 333 3969 nimiu
351 3887 424 3984 qudd
441 3915 540 3969 uultu
558 3915 666 3969 divisio.
841 3921 866 3984 2,
886 3920 928 3971 31.

263 3991 305 4040 13.
332 3987 434 4040 modice
457 3985 609 4054 perstricti,
638 3985 746 4053 wios,
770 3991 787 4039 2
878 3992 902 4042 3.
921 4001 1022 4041 uocare
1040 3984 1160 4051 absolut,
1179 3983 1234 4038 wie
1252 3981 1320 4038 Sall
1340 3982 1401 4038 cat.

157 4079 160 4083 ⁴
214 4056 333 4124 'oblique
350 4057 549 4125 perstriupeus,
574 4062 604 4125 2,
623 4060 657 4109 53
681 4057 788 4112 leuibus
842 4062 876 4110 33
895 4056 1019 4110 uocandi
1040 4071 1101 4124 spes
1123 4056 1225 4152 othtu
1239 4059 1340 4110 cst-
1358 4055 1403 4109 dc·

225 4126 321 4180 uerbis.
841 4128 913 4183 strui
925 4129 1067 4195 fortunam
1078 4142 1157 4181 suum
1174 4126 1263 4181 seme
1274 4124 1404 4193 Stellung

263 4200 306 4251 13
324 4181 400 4250 Uber
413 4196 459 4250 die
475 4195 672 4266 Stellungvon
686 4199 788 4267 quippe
841 4198 934 4252 verde
948 4197 1158 4264 untergraben’,
1173 4201 1246 4264 ιιι2,
1259 4200 1337 4261 72,3
1362 4195 1404 4248 lm

226 4284 248 4321 s
267 4264 340 4320 blial.
360 4272 382 4332 ξ
404 4272 463 4322 117.
841 4268 1003 4338 tropischen
1022 4266 1107 4323 Sinus
1125 4268 1163 4322 ist
1181 4236 1317 4323 destruede
1337 4281 1404 4335 poe·

263 4335 311 4392 18.
332 4341 355 4390 1.
374 4336 464 4392 Silius
483 4352 540 4391 war
561 4338 670 4393 vomJ.
692 4344 725 4393 14
743 4338 787 4393 bis
841 4339 916 4395 tisch
933 4338 991 4393 und
1010 4337 1233 4394 naohlrlassisch.

227 4413 260 4462 21
286 4408 444 4477 Legatum
469 4407 625 4464 Obsrrhein
649 4427 786 4479 gewceen.
879 4417 920 4465 11.
948 4410 1081 4466 metuere
1111 4407 1280 4465 ‘beaahlen'
1308 4408 1383 4463 ist
1375 4426 1404 4462 ιιι
