3092 4834
570 262 679 318 cluna
697 265 731 320 v.
769 264 848 320 041².
868 271 945 322 2-4,
1273 266 1340 331 269

165 448 289 492 maoem
318 425 461 491 animum
489 426 665 513 incusavit,
691 446 812 510 magno
841 433 972 493 senatus
997 449 1116 511 pavore
1139 451 1176 494 ac
1198 429 1340 513 silentio,

165 516 269 582 donec
300 515 411 601 pauci,
439 515 511 598 quis
546 514 637 579 nulla
668 536 707 579 ex
738 515 876 580 honesto
910 537 983 599 spes
1016 512 1065 601 (et
1095 517 1225 600 publica
1251 519 1339 583 mala

167 604 307 688 singulis
330 604 365 668 in
384 603 587 668 occasionem
607 603 732 687 gratiae
750 600 949 690 trahuntur),
971 607 1008 668 ut
1025 604 1206 688 referretur,
1229 610 1338 690 postu·

165 693 288 778 lavere,
319 691 565 775 promptissimo
598 690 696 757 Cotta
723 691 899 757 Messalino
932 714 1006 757 cum
1038 693 1139 757 atroci
1171 694 1339 760 sententia

165 781 222 846 sed
252 780 324 845 aliis
353 803 373 844 a
399 780 596 864 primoribus
621 779 824 864 maximeque
848 803 868 845 a
890 781 1136 866 magistratibus
1159 781 1393 864 trepidabo-15

164 872 232 933 tur:
270 869 388 954 quippe
422 868 571 933 Tiberius
609 870 671 934 esti
707 869 834 934 infense
869 869 1015 934 invectus
1048 873 1156 935 cetera
1188 870 1341 954 ambigua

164 958 347 1043 reliquerat.

256 1045 335 1111 Fuit
357 1046 392 1110 in
416 1050 532 1112 senatu
550 1045 662 1112 Iunius
680 1045 844 1131 Rusticus,
867 1046 1086 1131 conponendis
1110 1049 1240 1130 patrum
1259 1047 1340 1112 actis
1359 1050 1382 1113 4

166 1136 310 1201 delectus
341 1157 360 1198 a
388 1132 541 1220 Caesare,
573 1156 675 1219 eoque
698 1136 927 1200 meditationes
951 1135 1020 1199 eiua
1042 1134 1253 1217 introspicere
1277 1155 1342 1198 cre·

167 1225 263 1289 ditus.
303 1223 332 1288 is
350 1222 445 1288 fatali
469 1223 609 1307 quodam
632 1229 724 1289 motu
746 1222 865 1309 (neque
884 1223 971 1288 enim
990 1226 1065 1287 ante
1085 1223 1247 1307 specimen
1268 1244 1341 1288 con·

165 1312 307 1378 stantiae
327 1309 472 1397 dederat)
493 1333 548 1377 seu
566 1334 668 1395 prava
687 1313 844 1397 sollertia,
862 1313 940 1377 dum
958 1311 1200 1376 imminentium
1220 1310 1341 1376 oblitus

165 1401 289 1466 incerta
311 1405 417 1485 pavet,
440 1401 580 1465 inserere
605 1423 639 1465 se
663 1401 888 1466 dubitantibus
913 1423 951 1466 ac
969 1421 1100 1465 monere
1119 1400 1278 1482 consules,
1300 1421 1342 1464 ne
1379 1417 1395 1466 o

165 1490 359 1554 relationem
381 1489 573 1573 inciperent,
593 1488 837 1574 disserebatque
856 1489 1009 1554 brevibus
1026 1487 1199 1554 momentis
1214 1510 1342 1553 summa

165 1577 261 1642 verti:
288 1598 385 1662 posse
414 1578 604 1661 quaudoque
627 1579 736 1642 domus
759 1577 943 1643 Germanici
966 1577 1101 1642 exitium
1124 1577 1342 1661 paenitentiae

165 1686 228 1732 csse
249 1665 327 1730 seni.
369 1665 464 1730 simul
484 1667 622 1750 populus
642 1666 767 1751 effigies
786 1666 988 1752 Agrippinae
1007 1688 1045 1730 ac
1063 1664 1204 1730 Neronis
1226 1686 1341 1750 gerens

167 1753 378 1820 circumsistit
409 1754 533 1819 curiam
565 1754 744 1839 faustisque
776 1755 812 1819 in
840 1753 1011 1819 Gaesarem
1044 1754 1206 1819 ominibus
1240 1753 1341 1818 falsas

165 1845 293 1907 litteras
318 1846 351 1906 et
372 1843 518 1926 principe
540 1842 644 1908 invito
668 1844 801 1908 exitium
825 1844 934 1908 domui
953 1845 1022 1908 eius
1040 1843 1163 1907 intendi
1182 1842 1339 1907 clamitat.
1362 1859 1395 1908 10

166 1933 214 1997 ita
236 1931 319 1995 nihil
342 1932 438 1996 triste
461 1931 518 1995 illc
543 1931 593 1995 die
615 1935 792 2015 patratum.
833 1930 1021 1997 ferebantur
1039 1932 1139 1997 etiam
1158 1932 1217 1997 sub
1236 1931 1340 1995 nomi·

166 2020 261 2085 nibus
292 2019 511 2085 consularium
538 2020 634 2084 fictae
657 2021 691 2083 in
719 2019 870 2085 Seianum
899 2021 1093 2106 sententiae,
1120 2020 1342 2084 exercentibus

165 2109 328 2193 plerisque
356 2130 413 2190 per
442 2107 604 2173 occultum
632 2113 730 2193 atque
758 2130 796 2173 eo
825 2110 994 2191 procacius
1023 2109 1192 2174 libidinem
1214 2108 1343 2193 ingeni-

166 2219 267 2263 orum.
306 2197 391 2261 unde
414 2196 463 2260 illi
482 2196 531 2261 ira
550 2195 723 2262 violentior
742 2201 776 2261 et
794 2197 944 2262 materies
964 2197 1169 2280 criminandi3
1194 2204 1340 2282 spretum

165 2285 308 2351 dolorem
336 2285 492 2368 principis
520 2284 561 2349 ab
591 2289 718 2369 senatu,
746 2285 919 2351 desciuisse
947 2286 1117 2370 populum,
1145 2286 1250 2350 audiri
1273 2287 1339 2350 iam
1359 2302 1392 2351 15

165 2379 198 2438 et
220 2375 287 2459 legi
309 2396 411 2439 novas
436 2374 610 2457 contiones,
633 2396 720 2439 nova
740 2379 871 2458 patrum
895 2375 1055 2439 consulta:
1079 2373 1155 2457 quid
1180 2373 1339 2456 reliquum

164 2463 229 2527 nisi
249 2466 285 2526 ut
303 2468 455 2546 caperent
474 2462 595 2526 ferrum
615 2466 656 2548 et,
675 2484 812 2547 quorum
830 2462 990 2546 imagines
1008 2484 1067 2546 pro
1086 2461 1213 2527 vexillis
1234 2461 1339 2525 secuti

164 2550 285 2635 forent,
308 2551 403 2617 duces
427 2552 704 2636 imperatoresque
728 2551 932 2635 deligerent?

201 2730 243 2778 13.
271 2726 433 2790 trabuntur,
470 2724 523 2779 wia
551 2731 576 2792 3,
600 2730 633 2780 113
666 2741 726 2780 cum
781 2755 816 2765 —
848 2725 974 2779 creditus.
1023 2722 1087 2777 Tac.
1120 2721 1267 2777 verbindet
1296 2720 1343 2775 die

165 2800 235 2849 reete
252 2795 387 2861 factorum
405 2796 461 2850 sibi
478 2796 590 2865 queisque
607 2797 727 2865 qratiam
781 2794 988 2849 Passivformen
1005 2811 1060 2849 von
1079 2795 1184 2849 credere
1202 2793 1255 2846 mit
1272 2792 1341 2846 Vor-

165 2867 287 2920 trobcut.
780 2866 854 2920 liebe
882 2866 953 2919 auch
981 2864 1011 2919 in
1036 2865 1343 2932 zusammengesetzten

203 2941 245 2989 14.
263 2922 338 2989 llber
357 2935 437 2991 Cotto
455 2954 476 2990 s.
496 2953 530 2989 zu
547 2943 573 3004 2,
592 2942 634 2993 32.
782 2936 879 2991 Zeiten
892 2935 923 2989 in
935 2934 1127 3006 personlicher
1139 2933 1343 2990 Konstruktion

202 3007 726 3079 15.treps'dubotur‘siehielten1ngst·
781 3008 835 3061 mit
862 3007 926 3062 dam
953 3006 1036 3061 Nom.
1062 3024 1085 3062 o.
1108 3006 1172 3061 int:
1197 3013 1222 3075 6,
1236 3011 1279 3060 34.
1294 3009 1342 3072 503

164 3076 223 3132 lich
241 3094 278 3132 an
296 3078 378 3133 sich'.
783 3085 887 3146 13,30;
903 3083 945 3146 14,
960 3083 993 3133 66
1012 3095 1038 3133 u.
1059 3094 1085 3132 a.

200 3147 230 3203 4.
249 3156 275 3204 2.
293 3151 410 3206 delectus
427 3148 482 3205 mit
498 3149 561 3205 dem
575 3149 662 3204 Dativ
676 3151 725 3205 deu
816 3154 841 3202 4.
864 3166 957 3218 proca
974 3150 1096 3204 sollertia
1115 3148 1156 3203 ‘in
1174 3147 1241 3203 ubel
1257 3164 1342 3217 ange-

166 3220 383 3288 Gerundivums,
407 3238 429 3277 s.
448 3225 506 3287 a,4
527 3221 726 3289 conponendae
779 3220 911 3275 brachter
929 3218 1186 3289 Anschltgigkeit’.

164 3292 311 3345 Armeniae
320 3290 561 3361 deliquium-Die
570 3290 726 3345 Verbffent
816 3295 842 3345 5.
856 3307 958 3360 pavere
975 3292 1028 3344 mit
1047 3290 1111 3344 dem
1125 3288 1276 3344 Accusativ
1293 3290 1342 3342 des

163 3358 279 3429 lichung
316 3363 365 3414 der
401 3359 642 3428 Verhundlungen
678 3361 726 3416 des
780 3362 933 3416 Neutrums
969 3361 1041 3416 nach
1075 3359 1142 3415 Sall.
1175 3362 1234 3414 Cat.
1267 3365 1341 3426 31,3

166 3428 266 3482 Senats
312 3431 387 3498 (acta
428 3432 497 3484 oder
541 3433 728 3485 commutarit
780 3435 873 3488 omnia
896 3449 996 3502 pacare
1022 3432 1095 3486 noch
1125 3435 1168 3496 15,
1183 3435 1225 3484 11.
1266 3429 1343 3482 Aber

164 3501 285 3567 secatus)
305 3501 362 3554 und
380 3500 430 3554 des
446 3499 560 3569 Volkes,
578 3500 661 3556 beide
680 3519 726 3555 zu·
780 3502 845 3558 Tac.
868 3503 920 3558 hat
942 3504 1015 3558 auch
1034 3503 1089 3556 den
1106 3500 1272 3555 wirklichen
1290 3498 1343 3553 Ac·

164 3586 290 3624 sammon
305 3576 368 3625 acto
382 3571 487 3626 diurna
498 3572 632 3640 genennt,
646 3573 725 3626 hatte
781 3574 888 3628 cusativ
912 3575 977 3628 hist
1002 3578 1027 3642 1,
1046 3577 1088 3628 29.
1113 3578 1159 3639 503
1183 3576 1209 3640 4,
1229 3575 1263 3626 58
1290 3569 1343 3625 wie

164 3639 248 3696 Otsar
272 3639 311 3694 im
334 3641 358 3698 J.
385 3646 419 3696 59
443 3643 629 3711 angeordnet,
658 3646 725 3698 aber
779 3644 840 3700 Liv.
866 3651 910 3712 23,
929 3651 955 3713 5,
974 3649 999 3699 8.
1023 3675 1059 3683 -
1080 3645 1197 3699 luseum
1223 3658 1251 3696 se
1273 3643 1344 3696 statt

163 3711 306 3781 Augustus
333 3711 449 3767 schaffte
476 3712 522 3768 die
544 3714 725 3784 Herausgabe
778 3732 806 3770 se
833 3717 993 3784 immiscere,
1019 3715 1073 3769 wie
1101 3713 1166 3769 hist.
1194 3717 1273 3783 2,19
1298 3714 1343 3767 iu-

163 3784 213 3837 der
245 3783 505 3854 Senatsprotokolle
541 3783 646 3840 wieder
680 3787 725 3841 ab.
779 3788 929 3842 serentibus
947 3803 975 3841 se
992 3786 1206 3853 ceruuriouibus,
1225 3784 1261 3838 cf.
1276 3783 1342 3840 Hor.

162 3853 219 3907 Der
236 3861 350 3910 carator
367 3860 489 3910 anorum
508 3857 586 3926 (oder
603 3858 638 3912 ab
656 3858 726 3912 actis
780 3874 864 3911 carm.
893 3862 1008 3927 1,1,3o
1037 3857 1110 3927 quod
1134 3858 1160 3909 si
1183 3872 1224 3911 me
1247 3854 1344 3925 lyricis

162 3927 283 3995 scamus)
307 3925 384 3979 ward
405 3942 470 3981 vom
489 3926 588 3981 Kaiser
606 3930 726 3983 emannt
778 3929 889 3983 cutibus
907 3929 1015 3983 inseris.

162 3996 219 4049 und
252 3995 355 4051 mulste
387 3996 464 4051 aeine
493 3997 602 4052 Politik
633 4015 726 4066 genau
816 4006 840 4053 6.
860 4000 986 4054 breuibus
1002 3999 1143 4053 crementis
1159 3996 1201 4049 ‘in
1214 3994 1343 4065 wenigen

162 4066 283 4135 konnen,
305 4086 353 4121 um
377 4067 471 4122 nichts
489 4067 676 4139 Mifaliebiges
694 4068 725 4122 in
779 4068 1014 4139 Augenbliclren',
1038 4068 1074 4122 of.
1092 4066 1185 4121 lustin
1200 4072 1271 4130 2,14
1287 4073 1344 4122 tam

163 4137 239 4191 diese
271 4138 365 4194 Akten
397 4137 611 4195 aofzunehmen.
660 4139 724 4195 Die·
780 4142 854 4195 breui
875 4142 1005 4195 luorum
1025 4144 1170 4205 momento,
1195 4136 1251 4193 cie.
1269 4137 1343 4192 Phil.

161 4206 276 4332 titt?
301 4211 726 4352 scribundumst
778 4209 1345 4349 lutttuttttttttlttm

162 4349 290 4417 wurden,
315 4349 470 4406 enthielten
494 4370 546 4406 nur
570 4353 724 4408 stadtische
816 4360 858 4408 11.
885 4354 935 4408 sub
962 4353 1131 4417 nominibus,
1163 4370 1183 4406 s.
1212 4354 1368 4417 111233-

162 4419 220 4472 und
248 4420 432 4488 gerichtliche
456 4422 724 4493 Augelegeuheiten.
779 4425 830 4479 sub
848 4425 1007 4479 nominibus
1024 4423 1151 4477 bononia

214 4518 267 4559 Tac.
281 4517 364 4559 annu.
382 4521 402 4561 L
416 4522 434 4561 2.
458 4522 477 4561 6.
487 4520 548 4562 Aufl.
1097 4513 1130 4562 ¹8
