3092 4834
194 273 258 337 100
342 273 372 327 P.
392 271 562 327 CORNELII
580 271 701 326 TAOITI
718 272 766 325 AB
786 271 947 327 EXCESSU
964 272 1041 326 DIVI
1060 271 1223 327 AUGUSTI

193 460 264 501 rum
306 431 400 500 datus
441 459 460 499 a
502 434 636 499 Caesare
677 434 839 500 Armeniis
881 434 1037 521 Tigranes
1080 436 1298 520 deductusque
1340 439 1375 501 in

155 552 181 591 10
194 547 328 610 regnum
356 547 374 588 a
402 524 531 589 Tiberio
559 522 697 589 Nerone.
744 545 804 589 nec
827 524 960 609 Tigrani
990 524 1176 589 diuturnum
1205 526 1375 610 imperium

194 615 257 679 fuit
287 636 391 698 neque
422 614 533 678 liberis
566 613 648 695 eius,
681 635 876 697 quamquam
905 614 1034 678 sociatis
1063 636 1152 678 more
1180 618 1313 679 externo
1341 617 1376 679 in

195 704 437 769 matrimonium
460 724 666 789 regnumque.
1400 785 1405 794 ⁴

158 794 180 856 4
282 792 367 857 Dein
401 793 491 857 iussu
527 792 667 878 Augusti
705 791 866 874 inpositus
902 790 1097 855 Artavasdes
1134 795 1165 856 et
1202 814 1268 857 non
1306 794 1375 857 sine

195 882 283 947 clade
302 886 414 947 nostra
432 881 581 945 deiectus.
605 885 674 944 tum
696 878 793 944 Gaius
814 878 929 944 Caesar
948 881 1185 964 componendae
1204 880 1376 946 Armeniae

195 972 355 1056 deligitur.
400 973 429 1035 is
452 969 704 1051 Ariobarzanen,
734 968 858 1055 origine
881 968 1024 1051 Medum,
1053 969 1094 1033 ob
1123 971 1283 1057 insignem
1308 993 1375 1035 cor·

194 1061 282 1145 poris
324 1060 460 1124 formam
502 1063 534 1123 et
574 1059 773 1142 praeclarum
816 1059 957 1122 animum
993 1059 1176 1123 volentibus
1213 1058 1375 1124 Armeniis

168 1150 356 1235 epraefecit.
407 1148 623 1213 Ariobarzane
651 1151 754 1212 morte
783 1148 917 1211 fortuita
944 1147 1116 1231 absumpto
1146 1149 1278 1233 stirpem
1306 1151 1374 1214 eius

195 1239 282 1303 haud
317 1239 506 1321 toleravere,
547 1240 768 1321 temptatoque
805 1236 943 1301 feminae
980 1237 1128 1321 imperio,
1170 1240 1222 1302 eui
1258 1259 1374 1302 nomen

195 1328 309 1411 Erato,
345 1349 444 1411 eaque
485 1327 576 1390 brevi
612 1326 719 1410 pulsa,
756 1326 872 1391 incerti
904 1327 1066 1409 solutique
1098 1330 1130 1390 et
1166 1327 1269 1413 magis
1307 1328 1374 1390 sine

196 1418 326 1482 domino
368 1438 464 1501 quam
500 1417 533 1480 in
565 1415 713 1480 libertate
749 1416 924 1500 profugum
960 1413 1131 1480 Vononem
1166 1417 1201 1478 in
1237 1438 1372 1501 regnum

196 1507 366 1591 accipiunt.
413 1506 468 1569 sed
500 1504 556 1568 ubi
588 1504 730 1569 minitari
758 1502 942 1568 Artabanus
975 1507 1007 1568 et
1036 1526 1150 1591 parum
1178 1504 1314 1569 subsidii
1341 1508 1374 1568 in

156 1621 182 1661 ιο
195 1594 371 1679 Armeniis,
408 1597 472 1678 vel,
514 1595 542 1658 si
577 1597 689 1658 nostra
725 1594 757 1656 vi
795 1593 1030 1676 defenderetur,
1066 1592 1186 1657 bellum
1224 1594 1375 1658 adversus

195 1684 333 1748 Parthos
362 1683 550 1749 sumendum
579 1687 661 1764 erat,
688 1686 794 1746 rector
822 1681 933 1764 Syriae
963 1681 1107 1747 Creticus
1136 1680 1264 1747 Silanus
1293 1685 1374 1748 exci-

195 1778 266 1838 tum
289 1772 434 1837 custodia
457 1771 643 1853 circumdat,
666 1776 813 1836 manente
836 1773 917 1836 luxu
940 1774 972 1834 et
995 1774 1085 1857 regio
1109 1773 1246 1836 nomine.
1289 1772 1374 1855 quod

196 1862 372 1927 ludibrium
395 1866 432 1925 ut
455 1861 594 1946 effugere
618 1861 789 1944 agitaverit
812 1859 974 1942 Vonones,
997 1864 1032 1924 in
1053 1861 1125 1925 loco
1148 1860 1325 1925 reddemus.

160 1949 181 2014 5
286 1949 435 2014 Ceterum
449 1949 577 2014 Tiberio
596 1949 682 2013 haud
701 1951 866 2035 ingratum
885 1950 1002 2014 accidit
1020 1948 1145 2013 turbari
1164 1972 1214 2014 res
1233 1951 1374 2034 orientia,

196 2044 233 2103 ut
260 2062 297 2103 ea
325 2041 429 2121 specie
454 2038 680 2105 Germanicum
709 2040 808 2102 suetis
836 2039 1019 2123 legionibus
1047 2038 1246 2103 abstraheret
1269 2042 1374 2104 novis·

197 2151 258 2212 que
281 2130 457 2211 provinciis
480 2130 657 2211 inpositum
685 2126 759 2191 dolo
784 2128 881 2192 simul
907 2132 940 2191 et
963 2129 1089 2193 casibus
1113 2127 1297 2193 obiectaret.
1343 2133 1375 2193 at

197 2217 261 2301 ille,
295 2221 416 2300 quanto
441 2218 565 2281 acriora
587 2218 621 2281 in
653 2239 726 2281 eum
759 2217 865 2280 studia
897 2218 1038 2281 militnm
1071 2221 1104 2280 et
1127 2240 1236 2282 aversa
1267 2220 1374 2301 patrui

168 2308 359 2389 avoluntas,
396 2307 578 2371 celerandae
615 2307 768 2370 victoriae
805 2308 974 2389 intentior,
1009 2310 1147 2371 tractare
1179 2310 1374 2390 proeliorum

161 2413 164 2419 ·
196 2396 264 2459 vias
295 2400 327 2461 et
357 2418 438 2480 quae
468 2397 531 2460 sibi
559 2398 692 2460 tertium
722 2398 786 2460 iam
817 2418 935 2460 annum
966 2396 1170 2480 belligeranti
1201 2418 1294 2460 saeva
1323 2396 1375 2459 vel

196 2507 350 2570 prospere
386 2488 575 2550 evenissent.
637 2484 730 2548 fundi
767 2483 944 2548 Germanos
983 2487 1049 2548 acie
1086 2488 1118 2549 et
1154 2487 1249 2551 iustis
1286 2486 1374 2567 locis,

234 2684 258 2732 9.
273 2679 371 2732 Dieser
381 2677 517 2749 Tigranes
527 2678 570 2745 II.,
584 2678 637 2730 mit
651 2677 758 2731 seinem
811 2676 891 2730 horte
910 2677 1117 2747 wiedergeben)
1140 2679 1191 2731 hat
1210 2679 1296 2732 sehon
1315 2676 1370 2731 Cic.

196 2750 285 2803 Vater
312 2750 481 2803 Artavasdes
514 2748 666 2818 gesangen,
699 2757 758 2801 war
812 2748 888 2801 Brut.
914 2754 947 2800 74
972 2750 1019 2803 sed
1040 2766 1122 2819 perge
1147 2757 1173 2804 et
1196 2751 1279 2805 redde
1304 2767 1375 2818 quoe

198 2827 232 2874 20
255 2820 361 2875 1.(1111.
385 2837 438 2873 von
462 2822 607 2889 Augustus
631 2818 683 2871 auf
703 2820 756 2872 den
811 2826 924 2874 restaret.

198 2891 292 2944 Thron
312 2894 427 2961 gesetzt.
849 2892 876 2944 5.
905 2896 929 2943 2.
954 2892 1108 2945 abstrahere
1128 2893 1180 2945 mit
1199 2893 1263 2945 dem
1281 2892 1374 2957 Dativ,

234 2960 263 3016 4.
297 2967 321 3014 2.
348 2961 376 3016 O.
401 2962 495 3028 Cesar,
519 2961 594 3015 Sohn
618 2961 757 3030 Agrippas
813 2962 866 3015 wie
881 2967 1039 3030 6261111116
1054 2964 1157 3030 decori3
1171 2963 1219 3017 bei
1233 2963 1374 3016 Fri'iheren

199 3034 258 3085 und
291 3033 340 3085 der
370 3032 460 3097 Julia,
494 3032 553 3085 also
585 3031 676 3085 Eukel
709 3032 757 3085 des
812 3051 865 3085 nur
892 3032 945 3086 mit
973 3032 1194 3101 Prtpositionen.
1246 3034 1281 3087 So
1310 3035 1375 3103 sagt

198 3104 351 3173 Augustus,
371 3103 440 3173 ging
460 3102 758 3157 ruthenorum·
813 3103 927 3157 Tacitus
947 3109 976 3170 6,
1001 3109 1034 3156 23
1062 3113 1199 3160 extructus
1226 3106 1372 3172 custodiae,

199 3174 318 3228 menien.
812 3182 838 3243 4,
857 3182 891 3228 45
909 3178 1050 3245 proripuit
1067 3194 1094 3231 se
1112 3176 1276 3232 custodibus.

234 3252 259 3299 3.
287 3245 343 3298 Der
365 3245 429 3299 Dat.
448 3245 596 3314 gerundivi
618 3245 691 3298 uach
714 3247 757 3299 de·
849 3252 873 3299 4.
911 3265 1014 3301 aversa.
1052 3247 1103 3300 Die
1132 3247 1299 3317 Ste1gerung
1332 3262 1373 3299 er-

198 3319 279 3388 119611
298 3316 373 3371 steht
397 3316 476 3370 9mal
494 3317 524 3370 in
543 3317 598 3369 den
616 3316 757 3385 Annalem
812 3317 903 3371 lahmt
921 3318 960 3371 im
980 3325 1004 3371 2.
1020 3317 1126 3383 Gliede,
1144 3318 1198 3371 wie
1212 3318 1285 3370 nach
1300 3320 1371 3385 quis-

199 3389 350 3442 ausserdem
368 3406 421 3441 nur
439 3388 511 3441 Hist.
532 3393 556 3451 3,
576 3394 624 3453 573
644 3394 669 3456 5,
690 3394 713 3441 1.
814 3407 864 3458 que
888 3394 912 3455 1,
936 3395 971 3443 48
998 3390 1184 3456 foedissimum
1203 3405 1330 3457 oneraque
1349 3396 1374 3442 et

235 3466 259 3513 9.
283 3462 332 3515 ubi
348 3462 483 3526 minitari,
502 3477 523 3513 s.
543 3458 615 3512 Einl.
635 3465 649 3524 ᾗ
670 3464 712 3527 92,
731 3459 758 3513 b.
812 3461 943 3515 seditioni
956 3468 1122 3530 promptum,
1141 3460 1173 3515 G.
1189 3466 1230 3514 29.

236 3538 276 3585 11.
304 3539 390 3587 rector
416 3533 486 3585 statt
507 3533 668 3600 proconsul,
692 3548 757 3599 pro·
850 3538 873 3585 5.
893 3533 1007 3586 celerare
1022 3532 1064 3585 als
1076 3532 1217 3593 Transitiv
1232 3531 1270 3585 ist
1278 3531 1375 3584 frtiher

199 3610 318 3671 curator,
350 3604 409 3657 dur
440 3603 524 3656 meist
551 3602 590 3656 im
617 3601 759 3656 silbernen
812 3621 865 3655 nur
889 3602 1067 3657 dichterisch.
1104 3604 1168 3672 Vgl.
1194 3611 1239 3668 12,
1265 3609 1299 3656 46
1325 3620 1371 3671 op·

198 3673 299 3728 Latein
330 3675 390 3727 und
420 3674 467 3728 bei
501 3673 657 3743 Sp'a'teren,
687 3674 759 3727 doch
809 3677 1008 3745 odorationem
1027 3676 1149 3729 celerare.
1179 3707 1212 3715 —
1238 3662 1313 3728 liber
1331 3678 1373 3728 irr-

200 3744 285 3799 sehon
303 3745 349 3799 bei
369 3744 464 3799 Cicero
486 3746 521 3798 de
540 3762 578 3799 or.
600 3750 623 3809 1,
643 3750 686 3813 48,
706 3750 757 3798 211
813 3753 903 3800 tentus
921 3745 974 3798 mit
991 3744 1055 3798 Dat.
1075 3747 1192 3815 gernod.
1210 3766 1231 3800 s.
1247 3764 1280 3798 zu
1296 3751 1320 3812 1,
1332 3751 1373 3798 31.

198 3819 240 3871 rei
248 3819 377 3886 putidae
385 3816 636 3872 rectorem—Der
647 3815 757 3869 Silanus
814 3849 847 3857 —
870 3819 1037 3885 proeliorum
1063 3820 1123 3872 cios
1152 3817 1210 3870 ‘die
1236 3817 1374 3870 verschie-

200 3889 287 3941 setzte
306 3887 433 3942 Tiberius
460 3888 546 3942 achon
565 3888 604 3940 im
622 3887 759 3940 n'atcbsten
815 3888 903 3941 denen
936 3889 1024 3941 Arten
1055 3889 1114 3941 und
1144 3889 1298 3942 Methoden
1325 3889 1375 3941 der

199 3957 284 4011 dabre
303 3960 358 4027 (17)
377 3959 413 4012 ab
431 3959 491 4011 und
508 3958 620 4011 machte
640 3959 694 4012 den
710 3957 757 4011 Gn.
813 3958 1032 4028 Kriegir'ihrung’
1063 3978 1096 4012 zu
1119 3959 1235 4014 Wasser
1258 3960 1316 4012 und
1340 3977 1374 4011 uu

200 4028 264 4082 Piso
283 4047 317 4081 zu
336 4029 442 4083 seinem
459 4029 639 4098 Nachfolger.
813 4030 917 4097 Laride,
934 4048 951 4081 v
970 4030 989 4082 1.
1004 4029 1091 4084 Thuc.
1108 4037 1131 4099 1,
1149 4037 1199 4084 122
1218 4030 1375 4102 ὑπάρχουσι

237 4099 758 4171 1369116166.11111111116116111611111
814 4102 844 4155 dl
872 4103 920 4154 uod
949 4101 1030 4154 oillei
1058 4101 1121 4156 aaut
1147 4101 1270 4171 πολέμου
1298 4102 1375 4170 ἡμῖν,

200 4188 227 4223 u.
251 4170 371 4225 Curtius.
397 4204 428 4211 -
448 4172 592 4239 Vonones,
615 4173 654 4224 im
679 4171 703 4224 J.
726 4177 757 4224 19
814 4172 962 4242 ξυμμάχων
980 4190 1010 4225 τε
1029 4173 1183 4236 dretturer
1206 4174 1255 4227 unt
1274 4174 1374 4228 ἐπιτει-

199 4242 273 4295 nach
292 4241 408 4296 Cilicien
425 4244 635 4313 transportiert,
655 4242 759 4297 entfloh
814 4243 910 4314 χισμὸς
927 4252 960 4315 τῇ
980 4245 1064 4318 χώρᾳ.
1104 4244 1276 4298 1761116611.
1297 4250 1320 4311 1,
1341 4249 1373 4297 32

200 4312 268 4366 bald
288 4313 404 4382 darauf,
427 4315 506 4367 ward
530 4315 597 4378 aber
616 4313 760 4384 eingeholt
813 4318 911 4383 letique
924 4318 985 4369 vias
998 4323 1024 4370 et
1037 4323 1263 4386 temporooersat.
1279 4314 1374 4379 Quint.

201 4385 258 4437 und
281 4386 398 4454 getdtet.
434 4385 497 4455 Vgl.
522 4403 544 4439 c.
569 4391 611 4438 68.
639 4417 671 4425 -
698 4386 758 4439 red·
815 4392 856 4453 10,
881 4391 905 4453 7,
930 4393 945 4438 5
973 4395 1040 4441 nota
1061 4390 1098 4442 sit
1114 4390 1238 4456 proriam
1266 4387 1376 4441 dicendi

201 4456 431 4511 dere=rearrare
449 4455 623 4526 (eigeutlich:
640 4456 690 4509 das
705 4455 756 4509 Ge·
811 4459 866 4510 oia.
