3092 4834
553 237 662 291 LIBER
680 237 726 292 IV.
765 236 843 291 OAP.
863 242 978 292 cs-eo.
1286 237 1353 302 255

181 401 299 465 habitu
331 401 390 465 tali
421 403 569 484 repertus
602 404 653 464 est
680 420 699 462 a
727 399 903 481 militibus,
934 399 990 482 qui
1018 400 1163 464 subsidio
1192 403 1358 467 venerant.

180 490 285 554 maior
316 510 354 553 ex
387 509 439 572 ec,
475 491 509 551 et
541 509 734 572 quamquam
771 487 908 551 exitiosa
941 486 1102 569 suaderet,
1138 490 1175 551 ut
1207 510 1273 554 non
1307 489 1358 554 sui
1377 506 1413 555 10

180 579 310 660 anxiuS,
342 600 414 642 eum
446 576 509 640 fide
543 576 742 641 audiebatur.
794 574 1074 659 adsimulabatque
1106 575 1220 641 iudicis
1247 581 1357 661 partes

181 668 352 731 adversum
372 665 557 730 Germanici
579 665 723 750 stirpem,
747 664 886 729 subditis
906 666 962 748 qui
982 666 1207 728 accusatorum
1225 667 1358 731 nomina

179 755 378 818 sustinerent
404 753 608 837 maximeque
631 755 872 818 insectarentur
894 753 1058 818 Neronem
1081 753 1264 837 proximum
1289 775 1358 818 snc-

179 842 320 908 cessioni
339 846 380 923 et,
399 863 597 926 quamquam
614 842 762 906 modesta
781 842 921 924 iuventa,
939 841 1129 925 plerumque
1142 844 1263 926 tamen,
1281 842 1357 924 quid

178 932 492 1015 inpraesentiarum
516 929 718 1013 conduceret,
742 930 892 1013 oblitum,
917 930 991 994 dum
1016 952 1035 993 a
1058 927 1185 993 libertis
1209 933 1242 993 et
1261 929 1358 993 clien-
1377 946 1414 995 15

177 1020 284 1101 tibus,
312 1018 504 1103 apiscendae
526 1019 691 1101 potentiae
714 1017 872 1101 properis,
895 1018 1131 1095 exstimulatur,
1154 1021 1192 1081 ut
1215 1020 1358 1082 erectum

178 1113 211 1172 et
244 1107 397 1172 fidentem
430 1106 530 1170 animi
563 1105 760 1170 ostenderet:
797 1106 880 1170 velle
911 1107 944 1171 id
976 1106 1133 1190 populum
1165 1104 1358 1184 Romanum,

178 1218 296 1281 cupere
324 1197 499 1272 exercitus,
532 1215 639 1279 neque
666 1217 819 1258 ausurum
848 1200 961 1260 contra
989 1193 1156 1278 Seianum,
1188 1195 1244 1279 qui
1272 1215 1358 1259 nunc

177 1285 369 1370 patientiam
396 1283 483 1348 senis
508 1285 541 1347 et
564 1283 740 1367 segnitiam
764 1284 889 1348 iuvenis
912 1284 1004 1348 iuxta
1025 1281 1170 1347 insultet.

266 1371 356 1437 Haeo
376 1376 473 1456 atque
491 1372 574 1435 talia
592 1371 737 1436 audienti
756 1371 839 1436 nihil
859 1372 989 1456 quidem
1003 1394 1122 1455 pravae
1137 1370 1355 1456 cogitationis,
1366 1372 1412 1437 60

177 1462 232 1526 sed
266 1461 430 1526 interdum
462 1481 557 1525 voces
591 1460 813 1544 procedebant
847 1464 1052 1525 contumaces
1083 1464 1117 1525 et
1144 1459 1359 1542 inconsultae,

178 1572 258 1633 quas
284 1550 426 1634 adpositi
445 1549 594 1615 custodes
614 1551 765 1633 exceptas
786 1554 961 1634 auctasque
981 1571 1052 1613 oum
1073 1548 1237 1612 deferrent
1254 1569 1359 1630 neque

179 1638 304 1703 Neroni
332 1638 500 1702 defendere
524 1638 668 1719 daretur,
696 1637 841 1702 diversae
864 1638 996 1721 insuper
1019 1636 1272 1702 sollicitudinum
1295 1636 1358 1700 for·

181 1746 253 1789 mae
291 1726 487 1791 oriebantur.
540 1748 616 1790 nam
656 1726 738 1790 alius
771 1748 939 1791 occursum
973 1726 1041 1792 eius
1073 1726 1192 1809 vitare,
1227 1723 1358 1808 quidam
1395 1739 1412 1789 5

182 1813 379 1877 salutatione
402 1813 528 1878 reddita
551 1815 664 1878 statim
689 1815 802 1899 averti,
824 1815 968 1898 plerique
992 1814 1155 1898 inceptum
1179 1834 1359 1878 sermonem

182 1902 387 1985 abrumpere,
425 1902 651 1966 insistentibus
688 1908 803 1967 contra
839 1904 1116 1988 inridentibusque
1154 1902 1209 1986 qui
1241 1899 1358 1966 Seiano

179 1989 323 2054 fautores
353 1990 499 2053 aderant.
546 1991 708 2055 enimvero
732 1990 880 2056 Tiberius
908 1997 1020 2058 torvus
1050 1996 1106 2056 aut
1133 1991 1250 2055 falsum
1274 1989 1357 2054 reni·

179 2078 258 2142 dens
291 2078 396 2142 vultu:
435 2099 491 2142 seu
527 2077 713 2160 loqueretur
745 2100 802 2142 seu
834 2084 958 2144 taceret
989 2081 1128 2165 iuvenis,
1165 2080 1287 2145 crimen
1319 2101 1358 2143 ex

180 2166 327 2247 silentio,
354 2187 394 2229 ex
421 2187 509 2230 voce.
553 2187 594 2229 ne
622 2187 687 2230 nox
716 2165 846 2249 quidem
871 2190 996 2249 secura,
1025 2190 1099 2233 cum
1122 2190 1205 2232 uxor
1227 2167 1356 2251 vigilias
1377 2184 1411 2232 ιο

178 2276 310 2319 somnos
345 2253 484 2338 suspiria
516 2253 614 2317 matri
641 2252 754 2318 Liviae
787 2259 884 2337 atque
911 2256 970 2320 illa
999 2254 1115 2320 Seiano
1145 2257 1357 2341 patefaceret3

178 2344 234 2426 qui
265 2343 401 2407 fratrem
435 2363 561 2426 quoque
592 2339 735 2407 Neronis
767 2340 912 2407 Drusum
943 2344 1043 2408 traxit
1076 2343 1110 2406 in
1142 2347 1267 2426 partes,
1301 2366 1357 2427 spe

178 2431 306 2496 obiecta
339 2431 498 2515 principis
529 2431 606 2509 loci,
640 2431 668 2495 si
695 2431 839 2514 priorem
868 2435 976 2496 aetate
1006 2436 1039 2495 et
1065 2432 1131 2494 iam
1159 2431 1357 2496 labefactum

177 2520 382 2585 demovisset.
429 2523 523 2585 atrox
546 2518 646 2584 Drusi
673 2520 843 2603 ingenium
866 2541 963 2602 super
985 2519 1170 2604 cupidinem
1192 2520 1357 2602 potentiae

217 2700 259 2747 10.
295 2695 341 2748 oui
364 2696 476 2748 auxius.
509 2692 644 2747 Dasselbe
667 2694 739 2747 auch
834 2698 876 2747 19.
895 2695 1033 2751 insultare
1050 2691 1105 2746 mit
1123 2693 1188 2746 dem
1206 2692 1357 2746 Accusativ

178 2769 204 2829 2,
224 2770 271 2828 τὸς
290 2763 356 2818 hist.
377 2770 402 2833 3,
422 2768 464 2819 38.
795 2764 873 2818 steht
890 2763 938 2818 bei
953 2763 1068 2818 Tacitus
1088 2782 1140 2816 nur
1158 2763 1232 2817 noch
1252 2769 1293 2829 11,
1308 2768 1356 2830 28;

216 2839 258 2886 11.
276 2836 445 2890 adsimulare
459 2860 493 2880 ==
507 2835 609 2901 fulsum
626 2835 739 2904 speeiem
796 2837 876 2889 sonet
908 2837 938 2888 in
969 2832 1193 2891 vorklassischer
1219 2834 1279 2888 Zeit
1308 2850 1356 2902 ge·

173 2905 312 2974 praebere.
794 2906 969 2972 brauchlieh‚
988 2905 1060 2959 auch
1076 2905 1144 2959 Sall.
1163 2906 1244 2974 frgm.
1260 2910 1294 2959 50
1308 2903 1356 2960 Kr.

214 2979 256 3029 13.
284 2976 429 3044 Neronem,
449 2975 503 3029 den
522 2976 643 3029 altesten
662 2973 738 3029 Sohn
828 2964 880 3050 30,
913 3000 938 3050 4,
971 2982 1048 3048 Uber
1070 2996 1137 3049 da„
1156 2993 1209 3047 mit
1227 2994 1291 3047 dem
1310 2993 1354 3046 pn,

176 3046 226 3100 ‘¹0⁸
246 3045 436 3101 Gefmfflicuss·
792 3064 884 3120 finitis
905 3083 926 3121 s.
946 3084 979 3118 au
998 3070 1023 3132 3,
1044 3071 1086 3121 67.

213 3122 267 3201 ¹⁵2
287 3119 318 3172 ²³²
333 3118 567 3201 praesepiorum,
591 3114 737 3171 li⁰¹¹0i⁰hl
828 3150 851 3199 c.
880 3145 1049 3200 salutatione
1071 3146 1181 3200 recessa
1201 3144 1353 3199 ‘nauseam

176 3188 735 3327 1111.1111111111..111;
790 3213 1274 3361 qugpqqqpeqq
1289 3292 1338 3347 ,a

175 3329 277 3396 gehbrt
295 3329 343 3382 der
361 3328 567 3398 Volkssprache
587 3346 630 3382 an.
840 3336 849 3375 :
1000 3370 1013 3382 „
1104 3365 1128 3398 ,Ι
1327 3325 1352 3375 ,-

175 3398 734 3524 ..11111111111111
789 3363 1101 3501 irritatur
1118 3405 1143 3490 1
1161 3365 1265 3501 llll

176 3538 207 3592 in
226 3540 281 3593 den
298 3541 437 3594 Annalen:
459 3545 501 3607 12,
522 3546 555 3595 66
574 3541 732 3595 occasionis.
789 3506 868 3587 ‘Q’
898 3506 982 3588 ,Apul
1011 3509 1077 3562 met·
1107 3513 1137 3569 61
1164 3511 1197 3559 16
1225 3506 1353 3588 fssmdfflss

175 3609 321 3664 Demnach
344 3609 414 3664 wird
437 3610 509 3665 auch
531 3610 560 3664 in
581 3609 734 3678 folgenden
788 3576 936 3701 {mmlx}
950 3578 1045 3701 ΙΑἚῊ·
1061 3581 1103 3645 14,
1123 3581 1139 3630 9
1158 3583 1265 3631 mum
1278 3592 1353 3631 rem·

177 3681 284 3764 Stellen
297 3679 735 3765 nichtderDativaustatuieren
788 3687 866 3772 ,M
883 3664 1060 3772 ,megnqemmi
1086 3664 1170 3702 fasm-
1197 3653 1225 3716 1,
1250 3653 1297 3716 2²2
1317 3652 1353 3701 23

176 3769 248 3807 sem:
275 3756 316 3820 11,
336 3758 371 3806 26
389 3770 462 3818 srae3
488 3757 529 3820 14,
549 3757 565 3806 ‘1
588 3754 733 3807 vendemus.
1017 3760 1023 3774 ·

273 3812 348 3877 11
366 3825 453 3905 11
788 3867 988 3923 w

175 3892 733 3962 Aen.2,61,s.Eml.§.44,b.—ostcu-
991 3887 1063 3938 gnu
1139 3887 1154 3921 r
1205 3887 1214 3921 1
1346 3907 1353 3922 .

175 3966 249 4021 deret
274 3966 348 4019 ‘dass
372 3981 403 4020 θ,
421 3966 476 4020 de„
491 4006 497 4019 ι
513 4007 519 4019 ·
535 3964 634 4034 miger,
658 3965 692 4019 ef,
709 3970 732 4034 ¹,
787 3936 852 4007 Vgl.
867 3936 926 3995 Liv.
946 3946 989 4009 21,
1009 3945 1052 4006 36,
1073 3944 1089 3993 7
1108 3955 1157 3994 scu
1173 3940 1302 4022 manebus
1321 3940 1354 3992 in

177 4042 210 4091 35
230 4037 288 4090 und
303 4035 397 4102 Quint,
419 4043 461 4104 12,
480 4042 505 4106 2,
525 4042 540 4090 7
559 4037 608 4105 pm·
626 4076 655 4092 ..
674 4052 734 4091 ve„
787 4012 960 4081 adaurpcndo
977 4028 1025 4065 eeu
1042 4027 1115 4081 pesa
1132 4025 1160 4064 ac
1174 4011 1352 4065 adiuvissent.

176 4109 281 4162 ciuium
299 4108 390 4162 virum
408 4109 540 4163 exhibeat,
825 4096 866 4144 11.
890 4106 1008 4156 somnos,
1036 4089 1063 4144 d.
1088 4089 1116 4143 11.
1140 4091 1260 4143 Trtume
1285 4089 1353 4144 oder

215 4183 256 4232 18.
273 4178 734 4259 111111111111111(1111181111)
788 4159 955 4253 uocaus
975 4157 1172 4214 acalauius.

177 4249 235 4303 und
250 4251 350 4304 audac
364 4251 442 4304 steht
455 4250 576 4317 absolut,
594 4265 646 4302 wie
662 4249 734 4302 bfter
825 4244 866 4294 12.
886 4256 918 4294 aa
931 4244 1039 4307 partes,
1059 4237 1094 4294 cf.
1113 4243 1139 4308 2,
1159 4243 1202 4306 16,
1221 4244 1245 4292 9.

176 4318 223 4374 bei
251 4320 314 4374 Tae.
342 4321 400 4374 und
423 4320 507 4391 Verg.
531 4320 599 4373 Aen.
623 4324 653 4387 2,
672 4324 733 4386 341,
826 4323 869 4372 14.
892 4334 974 4386 super
998 4319 1070 4372 statt
1087 4323 1212 4387 practer,
1235 4316 1288 4370 wie
1307 4332 1352 4382 ep.

178 4414 211 4434 =
237 4389 403 4459 ‘auftreten,
428 4390 488 4445 sich
511 4389 734 4459 hervorwagen'.
788 4394 823 4442 46
842 4388 900 4442 und
919 4389 999 4442 after.

1083 4475 1136 4528 17*
