3092 4834
216 257 262 321 56
370 255 401 312 Ρ.
420 254 592 311 CORNELII
609 254 730 310 raom
747 255 796 309 AB
814 255 974 310 Excusso
993 255 1070 309 DIVI
1089 254 1248 310 AUGUSTI

219 418 539 592 {dimili
553 418 1399 592 tlt:rputlttttbtt‘fflttsstt
1432 538 1435 544 ·

178 597 347 685 relegatos
376 618 474 683 seque
501 618 610 662 coram
637 596 790 661 mandata
816 598 938 661 darent.
989 597 1207 662 adclamavere
1240 601 1277 661 ut
1308 597 1399 662 filius

219 687 328 752 Blaesi
358 686 510 751 tribunus
543 684 705 771 legatione
737 707 775 751 ea
801 686 992 772 fungeretur
1018 690 1205 771 peteretque
1235 686 1398 751 militibus

219 777 407 841 missionem
440 798 459 840 a
498 774 635 839 sedecim
669 775 775 860 annis,
808 779 913 841 cetera
949 775 1171 860 mandaturos,
1203 776 1260 841 ubi
1292 777 1400 861 prima

219 866 452 949 provenissent.
497 863 644 948 profecto
672 864 788 929 iuvene
815 865 979 930 modicum
1003 866 1120 951 otium3
1151 866 1206 929 sed
1229 864 1397 950 superbire

219 952 323 1038 miles,
346 953 432 1037 quod
450 953 538 1018 filius
555 952 656 1038 legati
676 957 788 1018 orator
805 953 954 1038 publicae
973 975 1086 1019 causae
1110 955 1189 1019 satis
1213 954 1399 1018 ostenderet

178 1069 206 1111 rs
219 1043 411 1108 necessitate
444 1063 595 1127 expressa
632 1063 714 1126 quae
751 1065 809 1126 per
845 1043 1037 1108 modestiam
1069 1065 1135 1107 non
1170 1044 1394 1109 obtinuissent.

173 1133 220 1198 20
309 1130 437 1209 [nterea
472 1130 642 1215 manipuli⁴
668 1136 743 1196 aute
780 1137 928 1216 coeptam
965 1133 1156 1198 seditionem
1188 1132 1396 1216 Nauportum

220 1222 312 1287 missi
340 1221 382 1286 ob
410 1220 527 1285 itinera
554 1224 587 1284 et
613 1225 729 1304 pontes
757 1225 790 1285 et
813 1220 895 1286 alios
918 1244 1010 1307 usus,
1033 1225 1205 1305 postquam
1227 1224 1396 1286 turbatum

219 1312 254 1375 iu
286 1311 399 1376 castris
432 1330 595 1394 accepere,
632 1309 751 1375 vexilla
781 1310 968 1376 convellunt
1004 1311 1202 1395 direptisque
1238 1312 1399 1395 proximis

218 1399 300 1474 ,vicis
323 1400 459 1484 ipsoque
481 1398 667 1484 Nauporto,
692 1400 780 1482 quod
803 1400 972 1484 municipii
995 1401 1098 1465 instar
1121 1404 1202 1484 erat,
1225 1399 1400 1465 retinentis

192 1489 425 1556 soenturiones
443 1489 547 1553 inrisu
566 1493 598 1553 et
617 1489 833 1574 coutumeliis,
851 1493 1017 1573 postremo
1031 1489 1220 1554 verberibus
1239 1490 1400 1553 insectan-

219 1582 284 1664 tur,
306 1578 478 1662 praecipua
496 1578 532 1641 in
549 1576 758 1644 Aufidienum
782 1576 904 1644 Rufum
922 1574 1120 1663 praefectum
1142 1583 1321 1643 castrorum
1339 1579 1401 1661 ira,

219 1676 317 1751 quem
344 1666 512 1750 dereptum
540 1666 689 1733 vehiculo
718 1667 854 1733 sarcinis
878 1671 1014 1753 gravant
1044 1671 1208 1753 aguntque
1231 1668 1338 1752 primo
1361 1668 1399 1730 iu
1488 1747 1491 1751 ¹

219 1757 357 1842 agmine,
380 1777 439 1840 per
460 1755 638 1820 ludibrium
662 1757 842 1843 rogitantes
865 1779 907 1820 an
929 1760 996 1821 tam
1020 1757 1177 1820 immensa
1199 1777 1305 1838 onera,
1327 1758 1396 1819 taur

218 1846 318 1931 longa
332 1845 449 1909 itinera
462 1844 602 1911 libenter
615 1845 723 1911 ferret.
758 1846 877 1929 quippe
890 1845 997 1910 Rufus
1012 1845 1066 1909 diu
1081 1844 1302 1928 manipularis,
1321 1844 1397 1907 dein
1508 1902 1512 1909 .

178 1961 207 2002 ro
221 1934 377 2016 centurio,
400 1954 477 1998 mox
500 1935 615 2000 castris
637 1937 831 2019 praefectus,
854 1936 1020 2016 antiquam
1044 1935 1219 2016 duramque
1243 1932 1394 1996 militiam

220 2022 402 2108 revocabat,
415 2026 508 2087 vetus
523 2025 630 2107 operis
645 2048 682 2091 ac
696 2025 819 2091 laboris
833 2028 866 2088 et
880 2045 918 2087 eo
932 2022 1087 2105 inmitior,
1104 2023 1179 2104 quia
1192 2021 1397 2086 toleraverat.

175 2113 219 2178 21
311 2111 438 2177 Horum
461 2112 601 2177 adventu
623 2115 864 2199 redintegratur
886 2112 1016 2195 seditio,
1039 2115 1072 2175 et
1094 2111 1169 2196 vagi
1193 2111 1400 2175 circumiecta

220 2200 468 2287 populabantur.
522 2200 656 2268 Blaesus
688 2225 824 2288 paucos,
856 2201 995 2266 maxime
1023 2199 1141 2284 praeda
1173 2204 1324 2281 onustos,
1356 2199 1400 2264 ad

219 2296 378 2356 terrorem
396 2293 578 2355 ceterorum
596 2292 691 2359 adfici
709 2292 909 2376 verberibus,
926 2290 1033 2356 claudi
1052 2310 1177 2354 carcere
1195 2291 1298 2355 iubet:
1321 2311 1396 2353 nam

221 2380 318 2445 etiam
346 2383 416 2444 tum
443 2378 551 2464 legato
579 2404 598 2445 a
620 2382 866 2449 centurionibus
896 2383 928 2444 et
952 2380 1076 2464 optimo
1100 2400 1230 2463 quoque
1254 2379 1400 2462 manipu-

192 2469 337 2543 slarium
360 2469 540 2553 parebatur.
578 2469 627 2534 illi
650 2471 756 2538 obniti
779 2469 993 2553 trahentibus,
1016 2489 1168 2552 prensare
1191 2468 1400 2532 circumstan-

221 2559 303 2623 tium
327 2580 445 2644 genua,
473 2558 556 2623 ciere
579 2561 675 2626 modo
703 2561 836 2628 nomina
859 2557 1070 2644 singulorum,
1100 2557 1195 2622 modo
1218 2556 1396 2620 centuriam

221 2649 358 2731 quisque
391 2648 482 2712 cuius
509 2649 722 2732 manipularis
752 2653 835 2731 erat,
867 2648 1048 2731 cohortem,
1079 2646 1253 2731 legionem,
1286 2644 1398 2709 eadem

220 2736 372 2801 omnibus
400 2737 557 2800 inminere
585 2737 796 2805 clamitantes.
843 2737 939 2802 simul
966 2736 1085 2821 probra
1111 2736 1146 2799 iu
1172 2734 1314 2819 legatum
1346 2755 1400 2798 cu·

257 2952 282 3001 8.
311 2948 440 3002 bellorum
453 2949 573 3007 saara.
602 2948 658 3004 cic.
672 2968 700 3020 p.
710 2953 782 3007 Mur.
873 2954 898 3001 4.
917 2948 1023 3002 mania
1048 2948 1177 3014 'trustra
1191 2945 1250 2999 also
1265 2944 1400 2998 wohnteu

222 3024 257 3071 14
274 3020 354 3073 euius
376 3019 440 3073 belli
461 3020 555 3075 vaur.
592 3020 658 3076 fam.
685 3029 710 3090 9,
726 3028 783 3090 3,3
838 3017 1017 3073 dortromiso
1038 3017 1182 3087 eBurger.
1205 3017 1260 3071 Um
1274 3014 1398 3070 acatal·
1469 3030 1471 3033 ’

219 3091 311 3146 dedis
333 3090 396 3145 belli
413 3091 537 3145 amieria.
556 3123 591 3132 —
610 3096 784 3164 expostulare
836 3089 978 3160 wfirdiger
991 3088 1133 3143 erscheint
1147 3088 1194 3142 die
1207 3087 1399 3154 Plunderung.

222 3160 784 3231 alsversttrktespoatulareuiohtselten
837 3164 928 3216 instar
946 3163 1011 3229 (von
1029 3161 1133 3215 instare
1151 3158 1207 3229 vgl.
1224 3158 1400 3226 ‘Einstand')

220 3232 269 3286 bei
287 3231 361 3299 Tac,
377 3259 411 3277 =
425 3236 556 3302 conqueri
575 3241 616 3301 13,
632 3241 742 3302 37315,
757 3244 783 3292 ὁ,
837 3232 884 3286 bei
898 3232 963 3286 Tac.
977 3231 1051 3286 noch
1066 3237 1092 3297 2,
1106 3237 1139 3285 61
1155 3233 1246 3296 iratur
1263 3231 1399 3294 marem

219 3303 272 3358 Bei
287 3302 384 3358 Cicero
402 3321 456 3357 nur
469 3304 499 3358 in
518 3305 568 3359 der
581 3305 717 3362 leteteren
725 3303 783 3363 'Be-
837 3305 949 3359 adauae
967 3302 1128 3373 pyramides
1150 3302 1209 3355 und
1227 3306 1253 3369 3,
1268 3303 1402 3371 36411311-

222 3376 358 3444 deutung.
838 3378 911 3444 cipes
928 3376 1019 3429 instar
1036 3373 1148 3428 &mam
1165 3389 1228 3428 esee.

159 3443 164 3456 “
259 3445 603 3516 11.Derj1'1ngereBlasus
613 3448 786 3519 ftlltsptter
876 3451 900 3499 7.
927 3446 1057 3512 orbiculo,
1080 3444 1166 3498 Dativ
1188 3445 1257 3499 oder
1274 3442 1401 3497 Ablativ.

221 3517 252 3573 iu
261 3515 401 3588 Ungnade
415 3518 474 3572 und
487 3521 561 3573 totet
575 3519 636 3577 sich
650 3520 690 3574 im
704 3521 729 3574 J.
741 3526 784 3576 36.
876 3524 918 3573 11.
950 3524 1027 3572 odas
1051 3515 1204 3571 ‘erfahreu'
1233 3513 1399 3584 (cigentliah

221 3588 287 3660 Vgl.
303 3595 328 3657 3,
342 3595 388 3644 40.-
840 3591 967 3660 ‘ergraut
984 3588 1038 3659 in')
1056 3587 1109 3643 mit
1130 3587 1194 3641 dem
1213 3585 1331 3646 Genetiv
1349 3585 1404 3638 hat

258 3667 301 3715 12.
329 3663 364 3717 ab
382 3663 502 3717 sedecim.
530 3661 584 3716 Die
602 3663 716 3731 Prapos.
735 3662 785 3718 be·
840 3661 904 3715 Tac.
924 3659 1005 3715 diter.
1035 3660 1131 3729 Lange
1144 3656 1403 3728 Kriegserfahrung

221 3732 351 3788 aeichuet
370 3733 425 3788 den
439 3732 561 3802 Termiu,
578 3751 635 3788 von·
649 3734 785 3790 welchem
838 3749 898 3786 war
914 3731 961 3785 ftir
984 3730 1067 3786 einen
1084 3727 1323 3800 Lagerprbfelrtsu
1348 3743 1402 3778 un·

222 3803 258 3858 ab
274 3804 321 3858 die
330 3807 424 3861 masio
438 3804 784 3876 gereabnetwerdeusoll.
838 3802 1031 3858 011313Ιί131.-
1047 3804 1115 3871 qaia
1127 3803 1211 3867 teter,
1231 3797 1306 3852 ‘weil
1320 3814 1351 3854 er
1368 3812 1401 3850 es

259 3881 301 3931 13.
328 3880 515 3945 procrearent
528 3903 562 3923 =
579 3893 707 3946 prospere
724 3894 784 3933 aaa·
840 3873 1061 3945 durchgemaoht
1079 3872 1178 3937 hatte’.

221 3948 370 4003 crement.
409 3949 445 4007 So
463 3948 536 4003 diter
554 3948 601 4003 bei
620 3948 685 4003 Tae.
875 3945 925 4001 21.
954 3951 978 4000 7.
1007 3945 1061 3998 Zur
1075 3942 1204 4012 Stellung
1217 3956 1271 3994 von
1285 3941 1402 4009 quisque

260 4023 301 4072 14.
324 4021 402 4085 filius
416 4023 433 4074 l.
449 4027 542 4076 motor
563 4023 615 4074 cet.
637 4021 698 4074 ‘der
717 4019 785 4073 Um·
839 4018 875 4072 cf.
890 4017 948 4073 Liv.
968 4024 1011 4084 45,
1030 4021 1073 4081 38,
1094 4021 1126 4069 12
1145 4013 1296 4083 utquisque
1310 4009 1403 4076 doura,

223 4090 315 4153 stand,
336 4090 458 4146 dall...
480 4091 594 4146 Anwalt
611 4092 691 4160 war’,
710 4109 731 4146 s.
751 4108 786 4145 zu
840 4090 939 4160 quibus
970 4089 1069 4143 donati
1093 4093 1172 4152 arat,
1204 4085 1335 4157 impres.
1365 4114 1402 4122 -

222 4168 305 4229 o.33‚
323 4167 365 4216 11.
394 4168 535 4229 14113.
841 4153 1402 4230 manipularesfflerGemeiue)im(legs.

258 4233 310 4291 20·
341 4240 364 4288 1.
393 4234 567 4304 Nauportus,
582 4232 789 4288 Handelsstadt
842 4250 876 4285 au
891 4231 946 4285 den
956 4230 1138 4302 Chargierteu
1148 4228 1295 4284 desselben
1309 4225 1400 4279 Mani·

222 4306 281 4360 und
299 4298 487 4373 Waffeuplatz
500 4305 531 4359 in
543 4303 789 4374 Oberpannonieu,
841 4302 904 4373 pels
918 4303 986 4356 oder
1000 4300 1147 4357 derselbeu
1160 4299 1284 4354 Kohorte
1294 4300 1400 4368 (erega-

216 4379 241 4448 j.
262 4368 477 4432 obet-Laibmh
495 4376 525 4430 iu
543 4376 639 4431 Krain.
841 4375 910 4441 rius,
938 4372 1020 4443 (legs.
1050 4372 1190 4438 Offiaierc;
1223 4371 1404 4440 legionarius,

262 4455 286 4505 2.
313 4466 381 4506 asra
392 4446 573 4502 ‘Bedurfnisz
843 4445 925 4515 Gegs.
939 4446 1026 4514 socia).
