3092 4834
574 241 683 297 LIBBB
701 241 747 299 IV.
785 242 862 299 CAP.
882 248 924 301 34.
1268 248 1334 315 235

158 404 220 468 dus
248 404 446 488 postulatur,
478 426 562 469 novo
591 427 629 470 ac
655 408 734 469 tunc
763 406 904 489 primum
933 406 1044 472 audito
1071 409 1217 493 crimine,
1249 411 1334 496 quod

159 492 255 558 editis
280 493 452 557 annalibus
476 494 672 577 laudatoque
694 492 738 558 M.
757 492 865 559 Bruto
890 490 924 559 O.
944 491 1093 559 Cassium
1112 496 1334 565 Romanorum

158 580 312 646 ultimum
344 580 488 646 dixisset.
539 582 735 646 accusabant
769 580 895 647 Satrius
928 580 1092 649 Secundus
1125 587 1159 649 et
1185 585 1333 653 Pinarius

158 667 271 752 Natta,
291 667 401 734 Seiani
419 669 563 735 clientas.
598 670 631 734 id
650 670 860 753 perniciabile
878 692 933 736 reo
953 674 986 736 et
1001 668 1121 737 ansar
1139 675 1222 737 truci
1241 677 1332 741 vultu
1370 692 1386 743 6

159 757 377 823 defensionem
410 758 583 842 accipiens,
619 780 717 842 quam
749 756 951 846 Cremutius,
986 760 1215 844 relinquendae
1248 763 1333 827 vitae

159 849 279 930 certus,
305 847 339 910 in
366 846 453 913 hunc
476 846 607 911 modum
631 868 764 912 exorsus
789 850 851 911 est:
883 846 993 913 ‘verba
1017 870 1103 934 mea,
1130 853 1238 931 patres
1262 872 1335 916 con·

159 934 285 1018 scripti,
314 938 507 1020 arguuntur:
538 935 617 999 adeo
645 934 806 1001 factorum
833 935 989 1001 innocens
1018 959 1099 1002 sum.
1147 937 1202 1001 sed
1232 959 1335 1023 neque

158 1024 240 1088 haec
262 1024 296 1086 in
319 1023 500 1107 principem
523 1026 580 1088 aut
601 1023 757 1107 principis
779 1028 957 1109 parentem,
980 1046 1060 1110 quos
1080 1026 1133 1090 lex
1152 1026 1334 1092 maiestatis

162 1111 382 1195 amplectitur:
405 1110 545 1177 Brutum
568 1114 601 1175 et
624 1109 774 1176 Cassium
798 1112 982 1178 laudavisse
1005 1112 1102 1197 dicor,
1127 1135 1264 1198 quorum
1283 1137 1334 1180 res
1355 1133 1388 1183 10

161 1204 271 1285 gestas
295 1221 367 1265 cum
390 1200 524 1283 plurimi
547 1201 796 1285 composuerint,
819 1222 915 1266 nemo
940 1203 1008 1266 sine
1032 1201 1155 1267 honore
1179 1225 1336 1270 memora·

158 1290 216 1354 vit.
262 1287 354 1353 Titus
382 1287 508 1372 Livius,
535 1290 740 1372 eloquentiae
767 1308 806 1353 ac
834 1288 909 1353 fidei
936 1291 1121 1374 praeclarus
1149 1291 1184 1355 in
1211 1293 1335 1376 primis,

160 1373 218 1442 Cn.
250 1376 439 1460 Pompeium
477 1378 578 1441 tantis
613 1376 764 1441 laudibus
802 1377 891 1462 tulit,
926 1381 964 1442 ut
994 1377 1229 1463 Pompeianum
1261 1403 1335 1446 eum

161 1465 331 1551 Augustus
352 1465 546 1551 appellaret3
568 1487 672 1551 neque
690 1465 723 1530 id
742 1465 904 1530 amicitiae
923 1488 1033 1532 eorum
1053 1466 1170 1534 offecit
1212 1466 1335 1553 Scipio·

158 1576 248 1638 nem,
271 1552 457 1639 Afranium,
482 1554 569 1619 hunc
591 1554 698 1638 ipsum
722 1552 882 1638 Cassium,
904 1554 991 1620 hunc
1015 1554 1153 1621 Brutum
1176 1578 1336 1642 nusquam
1358 1573 1390 1624 16

158 1643 303 1708 latrones
330 1646 362 1706 ct
384 1642 575 1728 parricidas,
603 1664 686 1727 quae
707 1664 794 1708 nuno
816 1644 976 1708 vocabula
998 1643 1211 1728 inponuntur,
1239 1668 1336 1730 saepe

159 1734 197 1796 ut
230 1731 368 1815 insignia
395 1731 482 1796 viros
508 1732 665 1796 nominat.
710 1730 818 1796 Asinii
844 1730 1002 1797 Pollionis
1026 1732 1147 1816 scripta
1171 1735 1336 1820 egregiam

161 1819 334 1884 eorundem
356 1820 549 1885 memoriam
571 1820 717 1904 tradunt3
744 1819 900 1884 Messalla
923 1818 1082 1886 Corvinus
1106 1821 1336 1906 imperatorem
1427 1863 1431 1870 ·

162 1929 255 1973 suum
288 1905 436 1973 Cassium
468 1908 692 1993 praedicabat:
725 1911 758 1971 et
790 1910 925 1991 uterque
957 1909 1073 1992 opibus
1106 1913 1203 1995 atque
1235 1911 1336 1977 hono-

161 1997 250 2061 ribus
277 1996 477 2082 perriguere.
523 1995 624 2061 Marci
647 1994 813 2062 Ciceronis
840 1996 940 2080 libro,
968 2019 1031 2082 quo
1055 1996 1213 2064 (latonam
1244 2000 1334 2066 caelo
1353 2018 1389 2067 20

161 2086 325 2170 aequavit,
354 2085 429 2169 quid
461 2084 549 2149 aliud
573 2083 712 2149 dictator
735 2081 856 2149 Cacsar
879 2106 976 2168 quam
998 2087 1156 2170 rescripta
1179 2088 1336 2174 oratione,

161 2175 251 2238 velut
278 2172 363 2259 apud
388 2172 522 2257 iudices,
548 2172 740 2257 respondit?
785 2171 922 2237 Antonii
946 2173 1118 2258 epistulae,
1146 2174 1239 2240 Bruti
1262 2199 1336 2243 con·

161 2262 269 2327 tiones
292 2260 375 2326 falsa
398 2261 526 2347 quidem
550 2262 584 2326 in
604 2260 788 2345 Augustum
807 2260 936 2342 probra,
959 2260 1016 2325 sed
1034 2263 1139 2327 multa
1157 2285 1230 2328 cum
1250 2288 1335 2331 acer·

161 2350 263 2415 bitate
286 2350 421 2436 habeut3
447 2351 592 2415 carmina
614 2348 764 2415 Bibaculi
787 2350 821 2412 et
844 2345 964 2414 Catulli
987 2348 1106 2415 referta
1129 2352 1334 2418 contumeliis

162 2560 261 2615 bulsen
293 2565 418 2616 missen:
451 2555 524 2614 odra
552 2557 607 2629 γὰρ
635 2554 722 2614 οὐδὲν
775 2558 871 2613 melior
901 2557 1027 2625 furandi.
1074 2557 1110 2612 So
1139 2561 1197 2614 erst
1224 2561 1253 2614 in
1281 2562 1335 2617 den

161 2625 287 2700 ἔγκλημα
315 2628 443 2685 ἐπαίτιον
466 2632 564 2702 λαβεῖν
587 2628 722 2700 ἠδυνήθη
775 2627 999 2684 Annalem—iu
1010 2629 1110 2698 primis
1125 2629 1189 2684 ‘wie
1203 2630 1335 2701 wenige'.

163 2702 224 2770 (nul
242 2698 302 2823 poio
327 2698 358 2754 ἐν
382 2700 484 2762 πύλαις
502 2699 557 2770 ἤδη
576 2699 668 2771 γήρως
685 2693 721 2770 ἦν
813 2704 855 2753 14.
884 2700 991 2769 ScipiO,
1021 2700 1261 2781 Schwiegeryater
1285 2703 1335 2757 des

161 2772 212 2826 nul
256 2768 438 2825 πιειιιὲαιατα
466 2766 624 2843 ἕβεβιῶιιει)
652 2767 721 2826 ὥστε
776 2769 937 2840 Pompejus,
971 2771 1061 2825 tdtete
1089 2772 1149 2825 sich
1176 2788 1208 2825 rn
1234 2770 1336 2827 Afrilra

161 2838 211 2897 ἐπὶ
228 2844 263 2912 τῇ
279 2838 387 2915 ἱστορίᾳ
403 2872 436 2881 -
450 2844 596 2911 κριθῆναι,
616 2838 658 2896 ὅτι
672 2841 722 2896 τόν
775 2839 849 2895 nach
863 2840 913 2896 der
926 2839 1062 2896 Schlacht
1075 2841 1120 2896 bei
1134 2842 1270 2912 Thapsus.
1303 2844 1335 2898 In

160 2932 190 2966 ca
215 2911 342 2966 Κάσσιον
366 2910 415 2965 καὶ
437 2909 488 2967 τὸν
507 2913 633 2979 Βροῦτον
655 2909 722 2983 ἒπῄ-
776 2910 939 2966 demselben
965 2911 1068 2982 Kriege
1095 2913 1142 2967 fiel
1169 2914 1220 2967 der
1243 2914 1335 2984 Legat

161 3000 225 3037 νεσε
250 2982 299 3037 nul
321 2987 372 3037 τοῦ
392 2978 484 3052 δῆμον
502 2984 551 3053 τῆς
569 3003 598 3038 τε
619 2986 721 3055 βουλῆς
774 2981 913 3037 Afranius.

159 3050 325 3123 καθήψατο.
812 3059 854 3109 17.
879 3054 970 3109 Pollio
994 3054 1052 3108 und
1076 3054 1212 3110 Coruinus
1234 3057 1334 3112 hatten

197 3131 222 3182 3.
243 3126 416 3195 laudatoque,
435 3144 469 3179 zu
489 3130 513 3193 1,
529 3128 571 3180 66.
773 3123 820 3178 die
838 3123 1043 3195 Burgerkriege
1062 3125 1252 3181 beschrieben.

196 3200 221 3250 4.
249 3196 361 3251 Satrius
388 3213 447 3251 war
474 3195 646 3251 verheiratet
668 3197 721 3251 mit
811 3199 854 3249 21.
873 3196 941 3264 quid
954 3196 1034 3251 aliud
1048 3211 1085 3251 sc.
1099 3198 1240 3266 respoudit
1254 3198 1333 3266 libro,

163 3267 212 3321 der
229 3265 427 3336 bertichtigten
444 3265 588 3322 Albucilla
605 3270 646 3338 (6,
665 3269 719 3338 47).
773 3265 826 3319 wir
841 3266 905 3320 ‘wie
915 3266 1038 3320 anders'.
1049 3296 1083 3306 -
1093 3268 1212 3322 dictatur
1223 3267 1331 3324 Cacsar.

198 3342 222 3391 6.
239 3338 422 3406 perniciabile
440 3339 511 3391 statt
524 3340 719 3408 patriciorum,
774 3334 883 3404 Wegen
902 3335 952 3389 der
965 3335 1171 3407 Wortslellnng
1184 3336 1242 3404 vgl.
1258 3344 1283 3403 3,
1298 3344 1333 3392 59

163 3408 236 3462 auch
255 3405 314 3462 Liv.
330 3412 372 3475 27,
392 3411 435 3476 23,
454 3413 470 3462 6
489 3412 546 3463 und
566 3408 676 3463 Curtius
696 3414 720 3478 7,
775 3423 867 3475 uapor
885 3406 1031 3460 Lentulus.
1050 3436 1084 3445 -
1103 3406 1154 3460 Die
1172 3405 1334 3461 Lobsohrift

161 3485 186 3546 3,
208 3481 249 3534 13.
776 3476 825 3529 des
844 3475 940 3530 Cicero
963 3475 1015 3530 auf
1035 3477 1090 3530 den
1105 3476 1245 3546 jungerer
1263 3477 1332 3532 Cato

200 3555 224 3603 6.
244 3549 382 3617 occipiens
398 3547 438 3601 im
458 3549 542 3604 Sinna
562 3550 637 3604 eines
652 3549 720 3604 Ver·
773 3546 977 3601 beantwortete
1014 3546 1098 3601 Οὔρεα
1134 3546 1221 3601 durch
1257 3548 1333 3603 seina

162 3618 398 3687 balsubstantivs,
426 3619 479 3674 wic
503 3638 545 3691 cp.
566 3626 599 3675 12
622 3627 720 3691 tepens.
774 3616 843 3672 zwei
876 3615 986 3671 Bucher
1017 3618 1203 3674 Anticatones.
1254 3617 1332 3674 Alles

198 3696 222 3745 7.
251 3696 339 3746 certus
366 3690 592 3761 ‘entsehlossen',
619 3698 666 3759 12,
686 3697 720 3746 66
774 3686 835 3742 dies
853 3686 892 3741 ist
910 3688 1035 3743 verloren
1053 3704 1211 3758 gegangen.

161 3761 268 3816 sceleris
287 3763 351 3817 olim
365 3767 446 3830 certa,
465 3764 537 3817 nach
552 3763 635 3831 Verg.
651 3766 719 3819 Aen.
810 3762 853 3812 22.
882 3758 1023 3814 Antonius
1043 3759 1122 3815 hatte
1141 3761 1200 3814 ihm
1219 3761 1332 3816 niedere

161 3837 186 3901 4,
206 3836 258 3886 564
277 3838 365 3888 certus
382 3833 475 3888 cundi.
509 3833 546 3888 So
561 3833 634 3887 auch
646 3833 718 3890 Plin.
772 3828 923 3898 Herkunft,
936 3828 1068 3899 Feigheit
1078 3832 1135 3886 und
1145 3830 1331 3901 unadehtigen

160 3918 203 3972 ep.
219 3907 293 3973 6,16
312 3909 400 3959 certus
416 3905 508 3974 sopor.
772 3901 896 3955 Wandel
913 3901 1112 3970 vorgeworfen.

196 3978 221 4029 8.
258 3976 388 4030 irruoccas
421 3976 474 4028 mit
505 3975 569 4028 dem
599 3974 719 4030 Genetiv
808 3977 851 4027 24.
867 3971 1200 4028 M.FcriusB2bucalue
1214 3975 1333 4028 stammt

159 4060 213 4098 nur
244 4044 314 4102 hier.
338 4076 372 4085 -
400 4061 485 4115 neque
514 4045 598 4100 ‘auch
624 4046 715 4102 nicht'
771 4059 822 4097 aus
842 4041 985 4098 Cremona.
1018 4043 1075 4096 Das
1095 4040 1332 4114 Geburtsjahrist

160 4131 182 4168 s.
201 4121 226 4183 3,
245 4121 289 4170 29.
770 4112 851 4167 nicht
858 4111 956 4169 sicher.
971 4111 1231 4169 DiaSchriltsteller
1238 4114 1331 4169 finden

197 4191 238 4241 12.
257 4187 323 4253 fidei
334 4185 531 4253 ‘Ehrliohkeit
545 4186 717 4257 Aulriohtig·
771 4183 847 4238 scine
855 4182 955 4239 StArlre
962 4183 991 4236 in
999 4182 1050 4237 der
1056 4183 1230 4239 iambischen
1236 4184 1332 4255 Spatt-

159 4255 240 4312 keit’.
248 4287 282 4297 -
287 4259 451 4328 praeclarus
460 4258 513 4312 mit
518 4259 582 4314 dem
588 4257 716 4326 Genetiv‚
769 4255 874 4324 poesie.
885 4284 919 4295 -
930 4252 1064 4323 Catullus,
1078 4272 1126 4309 nm
1136 4260 1170 4310 84
1179 4255 1209 4309 in
1219 4256 1331 4310 Verona

159 4327 217 4396 vgl.
228 4333 253 4395 6,
264 4334 280 4382 6
292 4330 716 4398 ρναννΐααιίεείνιαεααρίανιιίαε,
770 4326 907 4395 geboren,
930 4323 1009 4378 nicht
1030 4325 1115 4395 lange
1138 4326 1211 4380 nach
1228 4329 1263 4378 64
1281 4339 1330 4392 ge·

162 4402 208 4465 14,
231 4403 267 4454 40
294 4400 462 4468 spernendus
488 4416 605 4468 morum,
633 4405 662 4468 3,
682 4405 716 4453 74
771 4396 895 4464 storbon,
908 4392 1331 4450 braudmarlrtinzweilrlainen
