3092 4834
465 314 467 317 Ι
522 240 631 294 elenu
649 240 695 294 111.
733 239 811 294 cap.
831 246 945 296 ar-as.
1253 240 1318 307 203

235 403 384 469 Tiberius
417 424 497 488 quae
529 402 564 467 in
592 401 737 467 Silanum
765 403 919 486 parabat,
946 423 1010 486 quo
1042 404 1224 468 excusatius
1258 404 1318 470 sub
1329 404 1373 469 68

147 493 296 576 exemplo
320 493 550 576 acciperentur,
572 491 703 555 libellos
721 490 787 555 divi
805 489 948 577 Augusti
970 490 1008 554 de
1026 489 1146 555 Voleso
1164 492 1320 558 Messalla

148 581 291 646 eiusdem
313 580 412 645 Asiae
438 601 498 664 pro
522 580 654 644 consule
676 580 862 664 factumque
885 579 920 642 in
943 600 1016 643 eum
1039 583 1172 644 senatus
1194 582 1319 646 consul-

147 674 218 734 tum
245 669 376 734 recitari
401 668 499 734 iubet.
553 672 623 733 tum
650 667 686 732 L.
708 668 862 732 Pisonem
890 667 1084 732 sententiam
1111 671 1216 752 rogat.
1263 668 1319 733 ille

148 759 286 823 multum
323 758 363 821 de
399 757 573 822 clementia
604 756 758 840 principis
792 755 959 840 praefatus
996 776 1082 839 aqua
1118 760 1214 841 atque
1250 757 1320 840 igni
1356 772 1373 821 a

148 845 259 911 Silano
292 844 547 910 interdicendum
584 844 710 909 censuit
740 845 910 929 ipsumque
937 843 973 908 in
1004 843 1143 909 insulam
1176 842 1320 927 Gyarum

148 935 369 1019 relegandum.
414 934 526 998 eadem
549 933 660 1016 ceteri,
683 933 748 997 nisi
772 931 858 1018 quod
881 930 939 997 (ln.
961 931 1116 997 Lentulus
1141 933 1320 1015 separanda

149 1021 252 1087 Silani
275 1027 423 1093 materna
444 1023 540 1104 bona,
563 1021 684 1106 quippe
705 1022 784 1085 Atia
807 1025 940 1105 parente
963 1021 1075 1105 geniti,
1097 1019 1320 1106 reddendaque

146 1111 215 1176 filiu
238 1111 329 1194 dixit,
352 1110 512 1175 adnuente
535 1109 674 1175 Tiberio,

236 1202 282 1264 At
305 1198 475 1264 Cornelius
498 1197 672 1263 Dolabella
700 1199 777 1262 dum
806 1198 1027 1263 adulationem
1054 1197 1186 1283 longius
1214 1198 1319 1281 sequi·
1330 1197 1373 1261 69

148 1292 211 1372 tur,
234 1288 402 1373 increpitis
426 1286 460 1353 Ο.
485 1284 588 1351 Silani
610 1287 755 1352 moribus
780 1285 912 1369 addidit,
935 1308 976 1350 ne
1002 1286 1074 1372 quis
1097 1287 1166 1350 vita
1188 1287 1321 1369 probro·

147 1399 201 1441 sus
229 1383 263 1441 et
290 1380 421 1460 opertus
448 1374 586 1439 infamia
612 1375 812 1458 provinciam
841 1375 1026 1457 sortiretur,
1047 1373 1144 1459 idque
1171 1375 1320 1459 princeps

149 1465 350 1530 diiudicaret.
390 1485 466 1528 nam
491 1486 510 1528 a
534 1463 661 1548 legibus
685 1464 803 1528 delicta
825 1463 947 1547 puniri:
970 1466 1091 1548 quanto
1115 1463 1185 1528 fore
1209 1463 1319 1527 mitius

147 1553 182 1617 in
205 1554 304 1637 ipsos,
322 1553 438 1618 melius
461 1553 495 1616 in
516 1553 630 1635 socios,
649 1552 820 1636 provideri,
844 1573 884 1616 ne
902 1551 1112 1636 peccaretur?
1150 1551 1320 1617 adversum
1358 1565 1375 1615 6

147 1639 555 1812 tltltrtttttt
568 1640 1028 1794 .¹;⁰tt¹l.²t.ll{ttlt‘³>
1042 1638 1320 1813 tltlll‘t

368 1779 378 1812 ,
992 1777 999 1792 .

148 1817 262 1882 vinciis
294 1820 422 1900 eontra,
448 1838 546 1901 quam
578 1839 651 1901 spes
684 1821 741 1883 aut
768 1821 874 1882 metus
902 1817 941 1882 de
968 1816 1035 1882 illis
1064 1817 1174 1901 fuerit,
1201 1818 1320 1900 egisse:

147 1905 281 1971 excitari
313 1906 470 1989 quosdam
503 1905 543 1968 ad
575 1905 710 1970 meliora
741 1906 966 1991 magnitudine
997 1928 1119 1990 rerum,
1149 1905 1321 1971 hebescere

146 1994 238 2059 alios.
287 2014 392 2077 neque
419 2014 514 2076 posse
541 1994 719 2078 principem
747 2016 806 2059 sua
835 1994 970 2059 scientia
998 1999 1115 2059 cuncta
1142 1993 1320 2078 complecti,
1342 2010 1375 2058 10

146 2104 250 2167 neque
278 2081 443 2165 expedire,
466 2086 503 2145 ut
530 2082 706 2146 ambitione
735 2082 841 2147 aliena
863 2083 1022 2148 trahatur.
1067 2082 1140 2148 ideo
1168 2083 1257 2169 leges
1286 2083 1320 2146 in

147 2172 235 2235 facta
263 2169 431 2250 constitui,
455 2170 531 2252 quia
557 2168 667 2233 futura
696 2170 730 2233 in
758 2172 882 2234 incerto
907 2171 981 2235 sint
1027 2172 1073 2236 sia
1101 2193 1121 2235 a
1144 2172 1320 2236 maioribus

147 2258 352 2343 institutum,
377 2261 427 2341 ut,
455 2258 484 2322 si
513 2258 673 2322 antissent
701 2257 832 2339 delicta,
859 2279 982 2341 poenae
1010 2264 1229 2343 sequerentur.
1280 2281 1321 2323 ne

146 2416 242 2471 rische
265 2431 365 2470 ausum
387 2432 440 2470 nar
467 2414 509 2468 als
532 2413 705 2482 Substantia,
797 2418 823 2467 6.
845 2412 957 2483 (lyaeus
974 2413 1023 2483 lag
1041 2415 1124 2468 anter
1148 2413 1201 2468 den
1220 2412 1320 2484 Cykls·

146 2488 220 2542 nach
248 2487 313 2540 dem
334 2485 485 2556 Vorgange
510 2485 560 2539 der
581 2483 706 2540 Dichter.
760 2483 825 2552 den,
843 2482 947 2538 tstlich
963 2500 1020 2538 ron
1037 2483 1146 2539 neena.

147 2588 181 2598 -
195 2558 332 2612 iuvidiam
351 2555 530 2623 ‘Vorwr‘irfe’‚
554 2555 608 2612 wie
626 2562 652 2624 4,
671 2560 706 2611 66
798 2561 822 2611 7.
845 2542 921 2608 Uber
937 2555 1087 2621 Lentulus,
1110 2553 1165 2609 den
1188 2553 1321 2624 Besieger

146 2630 282 2684 iuvidiam
303 2634 329 2683 et
346 2643 440 2697 preces
458 2628 580 2694 orditur,
605 2631 706 2696 16,10
760 2625 812 2680 der
838 2625 944 2692 Geton,
977 2629 1041 2694 sagt
1068 2624 1182 2680 Tacitus
1214 2632 1244 2692 4,
1273 2631 1320 2679 44:

146 2700 308 2755 immobilem
321 2699 450 2768 prmibus
468 2702 493 2753 ct
510 2699 641 2753 inuidiae.
673 2697 706 2751 In
759 2696 879 2752 Lentulo
896 2712 978 2766 uesper
991 2697 1165 2751 consulatum
1182 2700 1207 2751 ct
1222 2697 1321 2751 trium-

147 2770 254 2824 diesem
269 2769 354 2824 Sinna
367 2769 440 2823 auch
459 2767 515 2823 Cio.
529 2768 588 2822 und
600 2767 705 2824 Livius.
756 2768 858 2837 pbalia
875 2768 909 2822 de
930 2766 1006 2822 (letis
1022 2768 1127 2837 alariae
1145 2767 1239 2834 fuerat
1258 2767 1322 2821 berse

183 2840 232 2898 68.
253 2847 277 2896 1.
295 2840 452 2895 excusatius
465 2838 639 2894 Aduerbium
656 2839 705 2894 des
759 2840 878 2893 tolerata
887 2842 1049 2907 paupertas,
1062 2838 1252 2908 deiumaauae
1259 2853 1322 2906 apes

147 2909 252 2965 Urteils
261 2911 349 2964 ‘esist
355 2910 423 2964 eber
430 2927 464 2964 su
470 2909 706 2979 entschuldigen'‚
759 2909 918 2965 iauoacuter
927 2913 1029 2978 partae
1042 2914 1068 2963 et
1080 2910 1195 2965 modeste
1203 2909 1320 2963 belitae.

147 3001 167 3036 s.
178 3000 212 3036 au
223 2989 247 3051 1,
258 2986 300 3049 18,
310 2987 326 3036 9
336 2981 394 3034 und
404 2981 461 3049 vgl.
471 2979 542 3034 Plin.
552 2994 595 3050 ep.
606 2986 706 3049 u‚21,a
796 2985 822 3036 6.
841 2980 912 3034 Atia
928 2979 1013 3050 (nach
1033 2978 1161 3049 Madvig)
1184 2996 1241 3034 war
1259 2978 1321 3034 eine

146 3054 219 3122 quael
256 3058 386 3107 maratus
420 3052 578 3107 excusatius
612 3052 706 3120 facies,
761 3048 937 3120 angesehene
958 3066 1036 3120 aues,
1059 3067 1093 3104 aa
1116 3051 1167 3105 der
1183 3069 1211 3105 u.
1229 3067 1255 3106 a.
1275 3048 1321 3104 die

147 3125 241 3187 Quint.
256 3123 319 3178 inst
335 3140 374 3178 or.
388 3129 414 3192 2,
430 3130 455 3187 1,
470 3128 503 3177 16
522 3128 548 3177 et
560 3123 622 3191 fieri
634 3124 707 3179 oide-
760 3120 867 3177 Mutter
885 3120 935 3175 des
950 3121 1094 3188 Angustus
1112 3122 1214 3190 genart
1232 3121 1320 3175 hatte.

146 3201 192 3249 tur
215 3199 352 3261 excusate,
379 3194 496 3249 declam.
521 3199 550 3260 6,
571 3198 605 3247 10
628 3209 707 3248 exue
797 3191 845 3247 66.
862 3197 886 3247 1.
905 3178 981 3246 Uber
994 3191 1142 3248 Dolabella
1155 3210 1175 3246 a.
1190 3210 1224 3247 za
1237 3198 1262 3261 3,
1277 3197 1320 3247 47.

144 3266 234 3320 satius
260 3266 359 3320 ouum
385 3266 476 3319 uirum
502 3281 584 3333 quam
608 3265 706 3332 filium,
796 3268 821 3318 4.
850 3280 869 3317 a
893 3263 997 3333 lapibus
1023 3262 1239 3333 personifisiert,
1267 3263 1322 3318 wie

146 3334 248 3389 lustin.
267 3340 350 3402 32st
379 3336 536 3390 excusatius
561 3336 708 3406 sacrileps'a
761 3331 991 3402 (liopertorat.
1010 3339 1193 3402 88‚134uaa
1210 3350 1264 3388 esse
1281 3334 1321 3400 fe·

146 3405 705 3475 commissurum.-subescmpla(cl.4,11
760 3405 877 3459 seudum
899 3422 918 3459 a
944 3421 1081 3474 quaquam
1102 3406 1198 3474 potius
1225 3404 1322 3459 laturis

148 3477 224 3530 claro
242 3476 293 3529 sub
312 3476 441 3544 exemplo)
460 3477 501 3530 al'
538 3477 568 3530 iel
586 3478 708 3545 accipere
760 3490 868 3529 musam
885 3492 967 3545 quam
985 3493 1004 3530 a
1021 3476 1077 3547 leae
1094 3476 1236 3544 auplicem,
1256 3475 1320 3528 Sen.

149 3547 249 3602 ‘etwas
276 3546 360 3599 anter
386 3546 478 3600 einem
525 3545 625 3615 eispiel
647 3545 707 3600 auf·
761 3546 955 3613 contracti,
975 3552 989 3600 1
1013 3548 1118 3613 serrum
1140 3564 1159 3601 a
1176 3546 1232 3614 leae
1253 3546 1322 3600 mibi

148 3618 277 3683 nahmen,
295 3616 440 3683 ansehen',
459 3615 488 3671 d.
499 3615 527 3673 lu
548 3615 612 3670 ‘anf
627 3616 707 3671 einen
760 3616 902 3671 traditum.

147 3685 356 3744 Prtoedenafall
373 3687 598 3741 zuraakfahren’.
799 3687 1040 3757 assumebantur.
1082 3677 1158 3743 liber
1184 3688 1229 3743 die
1253 3687 1322 3743 Aut·

184 3766 210 3813 2.
232 3758 343 3814 Volesus
356 3757 490 3813 Messalla
507 3756 571 3812 liele
586 3756 628 3812 als
642 3756 708 3812 Pro·
761 3757 876 3827 hebung
899 3757 949 3811 der
970 3758 1130 3814 indirekten
1149 3758 1227 3814 Reda
1246 3779 1267 3814 s.
1287 3776 1322 3812 su

147 3829 250 3886 konsul
274 3845 331 3885 von
355 3827 423 3883 Asia
450 3846 487 3884 an
511 3829 603 3884 einem
630 3828 708 3898 'lage
762 3829 1016 3897 1,10abstulerat.

149 3901 332 3957 dreihundert
366 3898 517 3955 Menschen
553 3900 608 3954 mit
643 3899 708 3953 dem
797 3904 822 3953 8.
855 3907 951 3955 coutra
981 3918 1076 3970 quam,
1108 3917 1161 3954 nur
1188 3899 1249 3955 hier
1276 3899 1322 3954 bei

149 3972 226 4028 Belle
235 3972 479 4041 entbaupten,und
489 3969 708 4026 stolazwisoben
761 3968 885 4039 Tacitus,
900 3970 972 4026 doeh
987 3972 1074 4026 sehon
1089 3971 1135 4025 bei
1149 3969 1245 4025 Cicero
1263 3972 1322 4025 und

149 4044 203 4098 den
230 4043 420 4098 Leiobnamen
452 4041 707 4097 einhersahreitend
761 4040 1320 4112 Livius.Soauohseausquam4‚8;6‚22.

147 4113 204 4169 rief
214 4130 245 4170 er
257 4129 321 4168 aas:
340 4130 425 4168 areca
442 4114 561 4184 sepiam!
594 4113 656 4169 Sen.
672 4113 706 4166 de
799 4119 841 4168 11.
869 4114 996 4182 expedire
1016 4118 1055 4169 ut.
1097 4112 1162 4180 Vgl.
1190 4111 1256 4167 dial.
1285 4117 1319 4166 st

145 4184 189 4239 ira
207 4190 232 4254 1,
252 4189 277 4239 t.
761 4184 952 4255 iutelleqebaut
981 4199 1050 4251 opus
1075 4199 1129 4238 esse
1150 4213 1187 4224 —
1209 4188 1254 4250 ut,
1286 4188 1320 4236 32

185 4262 211 4310 4.
228 4256 262 4310 L.
282 4254 348 4309 Piso
367 4253 407 4309 ist
428 4255 479 4310 der
500 4253 608 4309 Bruder
627 4254 706 4324 janes
760 4256 923 4321 respoudeat
939 4254 1064 4321 sufficere
1080 4259 1119 4310 ut.

149 4327 198 4381 Cn.
215 4325 287 4393 Piso,
307 4324 357 4380 der
375 4324 430 4380 den
448 4326 630 4381 Germanicas
648 4341 707 4379 ver·
799 4328 841 4381 13.
861 4324 914 4379 Die
927 4324 1010 4378 Form
1023 4325 1113 4379 autire
1131 4324 1203 4379 etatt
1216 4324 1322 4378 autoire

148 4396 234 4467 giftet
250 4396 344 4451 haben
362 4395 422 4451 soll.
760 4393 826 4450 tritt
844 4411 888 4464 op.
907 4400 941 4449 66
960 4394 1052 4449 suerit
1069 4394 1116 4449 bei
1130 4393 1244 4450 Tacitus
1263 4393 1321 4460 aas,
