3092 4834
200 225 265 289 194
349 225 381 281 Ρ.
400 225 571 282 CORNELII
589 225 710 282 TAOITI
726 229 776 283 AB
794 227 956 284 Excussa
974 227 1054 284 DIVI
1071 227 1230 284 AUGUSTI

198 388 348 452 laborum
382 411 526 454 meorum
558 394 684 474 partem
716 390 835 457 fateor:
868 393 919 457 sin
952 412 1103 474 accusare
1137 390 1216 456 vitia
1246 391 1374 476 volunt,

200 475 291 560 dein,
313 498 386 542 cum
410 478 547 562 gloriam
572 480 640 544 eius
665 479 713 544 rei
735 480 845 564 adepti
868 484 958 564 sunt,
981 480 1162 545 simultates
1185 479 1309 544 faciunt
1333 501 1371 546 ac

147 578 181 626 30
200 564 280 629 mibi
302 565 498 650 relinquunt,
517 567 645 651 credite,
663 571 773 651 patres
797 569 981 653 conscripti,
998 589 1050 632 me
1070 589 1196 652 quoque
1215 590 1280 634 non
1301 590 1372 634 esse

200 653 415 719 offensionum
439 655 578 719 avidum.
624 678 704 740 quas
733 679 806 722 cum
836 679 952 743 graves
977 659 1010 722 et
1032 657 1220 741 plerumque
1243 657 1373 741 iniquas

199 763 260 825 pro
292 763 326 806 re
353 743 484 826 publica
512 743 699 829 suscipiam,
726 745 840 810 inanes
874 750 907 810 et
932 746 1048 810 inritas
1075 767 1180 829 neque
1207 745 1287 809 mihi
1316 749 1374 810 aut

199 830 292 895 vobis
316 832 388 896 usui
411 832 539 897 futuras
562 833 631 898 iure
655 833 830 917 deprecor?

146 915 190 980 55
289 920 421 985 Auditis
459 918 608 986 Caesaris
644 922 762 987 litteris
799 924 936 988 remissa
973 922 1130 987 aedilibus
1166 922 1244 987 talis
1282 943 1372 1008 cura,

200 1009 359 1093 luxusque
387 1030 532 1094 mensae,
556 1033 575 1074 a
601 1011 665 1075 fine
688 1011 817 1076 Actiaci
845 1013 922 1076 belli
952 1012 992 1076 ad
1016 1033 1054 1075 ea
1077 1033 1181 1091 arma,
1204 1010 1276 1095 quis
1300 1011 1374 1077 Ser-

199 1098 271 1163 vius
300 1096 405 1162 Galba
436 1119 544 1162 rerum
576 1099 712 1182 adeptus
745 1102 808 1181 est,
840 1122 898 1184 per
931 1122 1035 1165 annos
1068 1103 1197 1165 centum
1228 1100 1374 1183 profusis

200 1184 383 1270 sumptibus
403 1186 535 1252 exerciti
552 1188 712 1271 paulatim
735 1187 912 1255 exolevere.
954 1210 1067 1254 causas
1090 1188 1159 1252 eius
1183 1189 1374 1254 mutationis

164 1287 353 1360 aquaerere
380 1275 470 1340 libet.
520 1275 603 1340 dites
631 1276 709 1342 olim
737 1276 881 1343 familiae
908 1277 1069 1342 nobilium
1097 1280 1153 1341 aut
1182 1276 1374 1342 claritudine

199 1366 342 1450 insigues
366 1364 473 1430 studio
496 1364 757 1450 magnificentiae
776 1367 1039 1450 prolabebantur.
1079 1387 1156 1429 nam
1180 1366 1375 1431 etiamtum

199 1454 328 1538 plebem
351 1453 456 1517 socios
479 1473 582 1537 regna
605 1454 708 1519 colere
732 1459 765 1518 et
788 1453 853 1519 coli
875 1452 1015 1538 licitum;
1040 1455 1078 1518 ut
1101 1454 1237 1538 quisque
1261 1455 1379 1538 opibus

200 1544 296 1608 domo
328 1546 443 1627 paratu
475 1542 654 1626 speciosus,
686 1564 744 1625 per
779 1564 897 1607 nomeu
935 1546 969 1606 et
1004 1542 1173 1607 clientelas
1205 1542 1379 1609 inlustrior

200 1630 391 1696 habebatur.
436 1635 612 1715 postquam
635 1630 786 1695 caedibus
811 1632 972 1696 saevitum
995 1635 1030 1694 et
1055 1631 1246 1714 magnitudo
1269 1631 1376 1697 famae

149 1729 182 1778 10
201 1719 298 1784 exitio
327 1723 412 1801 erat,
435 1719 534 1783 ceteri
562 1719 602 1782 ad
631 1718 831 1802 sapientiora
854 1722 1051 1785 convertere.
1098 1719 1195 1783 simul
1217 1720 1296 1786 novi
1317 1720 1377 1785 ho·

199 1810 304 1872 mines
328 1829 345 1871 e
364 1805 548 1889 municipiis
573 1809 606 1870 et
624 1806 761 1871 coloniis
786 1810 883 1892 atque
907 1807 1006 1872 etiam
1028 1807 1203 1891 provinciis
1226 1810 1262 1872 in
1286 1831 1379 1875 sena-

199 1900 269 1960 tum
297 1895 408 1960 crebro
437 1894 601 1979 adsumpti
630 1895 840 1960 domesticam
865 1896 1101 1981 parsimoniam
1128 1896 1318 1980 intulerunt,
1343 1903 1378 1964 et

200 2005 396 2068 quamquam
414 1982 546 2047 fortuna
564 1984 615 2048 vel
636 1983 797 2048 industria
815 1985 961 2070 plerique
979 1984 1190 2069 pecuniosam
1210 1986 1250 2050 ad
1269 2008 1376 2051 senec·

199 2076 267 2136 tam
291 2072 506 2155 pervenirent,
529 2071 650 2136 mansit
672 2075 781 2136 tamen
805 2074 893 2157 prior
919 2075 1054 2137 animus.
1101 2073 1157 2137 sed
1180 2076 1373 2159 praecipuus

148 2169 180 2218 15
200 2161 347 2225 adstricti
379 2158 478 2226 moris
511 2164 625 2225 auctor
651 2159 875 2245 Vespasianus
907 2161 984 2245 fuit,
1017 2161 1151 2245 antiquo
1183 2162 1254 2245 ipse
1286 2163 1377 2229 cultu

200 2249 359 2334 victuque.
410 2248 601 2333 obsequium
633 2249 706 2314 inde
738 2251 773 2314 in
801 2251 980 2334 principem
1012 2253 1045 2314 et
1072 2250 1256 2315 aemulandi
1286 2275 1377 2318 amor

199 2339 336 2404 validior
364 2360 461 2423 quam
488 2359 593 2421 poena
625 2360 664 2402 ex
691 2338 821 2423 legibus
849 2343 883 2404 et
910 2342 1024 2404 metus.
1076 2336 1141 2401 nisi
1168 2338 1251 2404 forte
1279 2343 1376 2406 rebus

199 2428 324 2492 cunctis
343 2427 429 2491 inest
443 2427 574 2511 quidam
588 2426 678 2491 velut
697 2427 795 2511 orbis,
810 2431 846 2491 ut
865 2449 961 2512 quem
981 2426 1021 2490 ad
1041 2426 1174 2491 modum
1193 2432 1376 2513 temporum

200 2517 301 2602 vices,
323 2518 371 2581 ita
393 2538 520 2581 morum
543 2518 722 2600 vertantur3
752 2537 812 2579 neo
836 2516 946 2579 omnia
973 2515 1058 2599 apud
1082 2514 1207 2598 priores
1231 2518 1375 2602 meliora,

147 2613 181 2661 20
200 2605 256 2670 sed
292 2608 406 2671 nostra
438 2625 567 2690 quoque
603 2610 692 2668 aetas
725 2604 831 2668 multa
864 2603 970 2669 laudis
1003 2606 1036 2667 et
1068 2604 1187 2668 artium
1219 2602 1376 2673 imitanda

236 2839 278 2887 29.
294 2834 358 2887 daia
372 2861 405 2871 -
420 2833 588 2900 relinquant.
621 2832 677 2887 Der
691 2830 760 2885 Sinn
851 2837 876 2885 3.
895 2830 1016 2899 adipisci
1033 2828 1087 2884 mit
1106 2830 1170 2885 dem
1189 2829 1307 2888 Genetiv
1324 2852 1377 2889 nur

201 2901 250 2956 ist:
269 2904 333 2958 deta
345 2903 505 2968 simultates,
524 2918 592 2971 qaae
605 2903 761 2958 monocordo
815 2900 878 2956 hier
903 2901 962 2955 und
985 2906 1014 2966 6,
1038 2905 1073 2955 45
1096 2902 1294 2959 dominationis
1315 2908 1377 2975 api-

200 2975 332 3041 fcccraat,
344 2974 414 3028 mibi
426 2974 594 3040 relinqueret.
617 2971 762 3042 SoNipp.·
815 2977 941 3038 aceretem,
961 2972 1034 3026 uach
1047 2971 1186 3042 Analogia
1204 2991 1261 3029 von
1277 2978 1376 3044 potiri,

200 3043 352 3097 Andresen.
816 3040 1051 3097 wahrseheinlich
1077 3043 1150 3097 auch
1180 3050 1225 3112 12,
1248 3051 1284 3100 30
1312 3049 1378 3102 dara

237 3119 279 3168 30.
298 3129 402 3184 qaoque
418 3129 476 3168 aaa
489 3112 616 3167 verneiut
630 3115 762 3181 gewithn·
817 3114 1034 3183 adipiscerentur
1052 3115 1256 3171 dominationis.
1294 3116 1379 3173 Sonat

201 3184 259 3239 lich
271 3182 380 3238 starker
395 3183 437 3238 als
449 3201 484 3239 ae
498 3185 605 3253 quidem
615 3184 672 3238 und
687 3185 763 3239 steht
815 3183 863 3239 bei
881 3183 993 3238 keinem
1012 3182 1221 3240 Schriftsteller.

201 3255 248 3309 bei
266 3254 380 3309 Tacitus
404 3254 490 3323 efter,
513 3254 567 3309 wie
590 3255 662 3309 auch
680 3256 762 3310 ctiam
852 3261 877 3309 4.
909 3256 1022 3310 exerciti
1048 3285 1083 3295 —
1111 3256 1251 3311 eaeterere.
1301 3257 1377 3313 Wir:

200 3344 265 3381 aare.
310 3325 406 3381 Selten
430 3326 476 3381 bei
499 3326 623 3380 anderen
646 3325 762 3380 Schrift-
819 3326 925 3380 ‘warde
944 3326 1045 3395 gedbt,
1064 3344 1112 3380 um
1130 3326 1185 3383 au’.

201 3397 325 3467 stellern,
345 3396 398 3453 wie
413 3398 492 3453 Caes.
511 3399 538 3453 b.
557 3414 582 3451 c.
602 3402 632 3465 3,
651 3402 684 3451 37
703 3404 762 3453 tam
854 3402 878 3453 6.
897 3397 1117 3466 prolabebantur
1141 3396 1198 3451 ‘sie
1220 3396 1326 3467 gingen
1344 3418 1378 3453 au

200 3470 565 3597 ilildffldeeSirbis‘lidbitdtiuhdg2
574 3470 762 3609 idnpdiridmii
815 3466 1144 3609 vdididitatxe'glprdlidpiiid
1161 3466 1377 3596 Aidvl'4d7’2g

250 3583 257 3597 ·
380 3583 386 3595 ·
429 3582 437 3609 r
497 3584 503 3607 ι
1150 3581 1156 3605 r
1236 3582 1242 3595 ·
1312 3581 1319 3607 r

200 3615 285 3683 adfici
302 3628 379 3667 ream
399 3628 457 3666 aaa
474 3615 610 3680 oporteat,
632 3612 763 3667 damnari
816 3610 969 3678 cupiditate
985 3610 1064 3679 repat
1079 3611 1236 3678 prolapsas.

200 3700 306 3755 qaoque
323 3700 380 3738 non
396 3687 525 3751 oportere,
544 3680 604 3738 Liv.
620 3688 662 3749 22,
677 3687 721 3748 42,
735 3686 761 3749 8,
831 3687 877 3735 ’9.
900 3680 1064 3747 habebatur,
1091 3698 1124 3734 au
1144 3685 1174 3748 1,
1193 3686 1235 3737 73.
1261 3712 1295 3723 -
1318 3698 1378 3738 cae-

201 3757 273 3813 Gell.
298 3759 327 3823 1,
347 3759 376 3819 9,
401 3758 434 3806 12
457 3755 504 3808 aed
525 3754 557 3807 id
579 3769 683 3822 qaoque
704 3768 761 3806 aaa
816 3753 905 3806 dibus.
924 3748 1038 3805 Tacitus
1053 3751 1141 3805 denkt
1155 3768 1191 3805 an
1206 3752 1251 3806 die
1266 3755 1378 3823 spatere

197 3826 429 3898 praetereundam
451 3829 497 3879 eat.
535 3823 571 3878 So
594 3822 683 3877 findet
701 3823 761 3876 sich
815 3820 1045 3903 Regierungsaeit
1082 3820 1131 3876 des
1164 3821 1305 3892 Tiberius,
1342 3841 1379 3879 an

200 3900 345 3955 aecetiam
358 3893 571 3950 vereinzeltbei
585 3891 678 3962 (iasar,
693 3913 715 3948 z.
729 3892 761 3947 Β.
817 3890 958 3963 Caligula,
986 3892 1036 3945 der
1063 3908 1113 3946 aus
1136 3892 1285 3949 Habsucht
1306 3912 1379 3950 mor·

201 3969 228 4021 b.
248 3984 272 4022 c.
292 3973 316 4034 1,
336 3973 361 4035 ὅ,
379 3966 407 4021 b.
426 3966 459 4021 G.
478 3972 503 4034 5,
522 3969 565 4020 52.
817 3963 894 4030 dete,
916 3961 975 4016 und
993 3979 1030 4016 an
1051 3961 1107 4016 den
1124 3963 1379 4036 Thronfolgelrrieg

236 4038 285 4094 st.
298 4039 364 4093 talis
377 4054 455 4105 cara,
470 4036 497 4091 d.
508 4037 535 4090 h.
551 4036 661 4092 scharle
675 4034 762 4091 Mass-
815 4050 872 4089 von
891 4037 1005 4089 68-70.

201 4109 299 4178 regeln
317 4126 350 4161 au
369 4107 516 4176 ergreilen.
853 4108 895 4158 15.
913 4104 1063 4159 adstrictas
1081 4104 1241 4174 ‘sparsam’,
1260 4105 1295 4161 cf.
1311 4105 1379 4161 Pro-

237 4185 262 4232 2.
287 4194 366 4232 arma
388 4179 459 4231 statt
477 4178 588 4244 bellam,
612 4176 691 4231 nicht
709 4194 762 4232 nur
815 4191 881 4245 pera
904 4180 930 4241 2,
953 4179 995 4241 18,
1019 4178 1063 4241 ⁵14,
1085 4174 1179 4230 lustin
1203 4181 1246 4243 74,
1270 4181 1299 4243 2,
1323 4173 1378 4232 (lic.

202 4250 249 4303 bei
267 4247 409 4314 Dichtem,
431 4248 551 4302 sondern
568 4247 630 4301 hier
648 4248 705 4302 und
725 4247 762 4303 da
816 4246 853 4301 ad
871 4246 938 4300 fam.
957 4250 984 4312 3,
998 4250 1024 4312 8,
1039 4249 1055 4298 8
1074 4261 1134 4301 cum
1153 4251 1258 4302 catara
1276 4263 1379 4316 semper

203 4320 291 4374 sehon
317 4317 363 4371 bei
393 4315 503 4384 Cicero,
531 4336 553 4372 z.
580 4317 612 4374 B.
640 4319 677 4372 ad
703 4317 764 4373 Att.
819 4316 857 4371 ad
888 4314 1060 4384 larpieadam
1096 4332 1130 4370 ea
1159 4317 1250 4372 atiena
1278 4319 1380 4384 fuerim

203 4397 228 4454 7,
248 4395 272 4451 3,
293 4392 317 4440 t.
818 4387 977 4444 restrictior.
