3092 4834
573 284 682 337 LIBER
699 284 733 337 Π.
771 284 848 338 CAP.
869 290 945 338 1-3.
1304 286 1346 349 99

254 448 333 512 Post
364 449 462 512 finem
481 446 643 511 ‘Phraatis
681 451 713 512 ct
745 446 949 529 sequentium
985 468 1098 532 regum
1131 447 1172 511 ob
1205 449 1384 513 internas?

167 537 277 602 caedes
314 558 429 601 venere
465 537 500 600 in
535 535 647 601 urbem
688 536 789 620 legati
821 557 840 598 a
871 535 1067 618 primoribus
1104 534 1247 621 Parthis,
1290 539 1346 621 qui

167 626 336 691 Vononem
363 626 617 690 vetustissimum
644 625 821 689 liberorum
849 625 918 688 eius
946 625 1095 689 accirent.
1142 627 1347 711 magnificum

167 715 197 779 id
227 714 290 778 sibi
318 714 452 779 credidit
481 713 597 778 Cacsar
624 715 778 798 auxitque
807 713 931 796 opibus.
982 717 1014 777 et
1041 734 1191 797 accepere
1218 714 1347 780 barbari

167 804 336 887 laetantes,
373 808 411 868 ut
445 803 545 867 ferme
581 803 623 866 ad
658 824 742 867 nova
779 803 922 886 imperia.
982 824 1058 867 mox
1095 803 1195 867 subiit
1230 803 1347 889 pudor:
1376 831 1388 871 1

168 893 410 978 degeneravisse
437 891 588 976 Parthos3
621 892 758 974 petitum
786 891 850 955 alio
879 914 919 955 ex
946 890 1024 955 orbe
1051 913 1173 977 regem,
1206 892 1348 957 hostium

169 982 293 1046 artibus
316 982 479 1046 infectum.
526 980 590 1045 iam
614 980 698 1045 inter
719 981 903 1064 provincias
926 980 1087 1046 Romanas
1115 981 1231 1046 solium
1253 981 1350 1045 Arsa-

169 1072 313 1136 cidarum
336 1069 448 1134 haberi
473 1069 613 1153 darique.
649 1069 706 1133 ubi
729 1069 819 1134 illam
843 1070 979 1155 gloriam
1003 1069 1233 1134 trucidantium
1258 1068 1349 1135 Gras-

169 1183 253 1244 sum,
281 1159 521 1223 exturbantium
544 1156 736 1241 Antonium,
765 1159 792 1222 si
815 1159 1010 1242 mancipium
1035 1157 1191 1243 Caesaris,
1220 1163 1269 1224 tot
1292 1182 1349 1244 per

169 1270 269 1312 annos
303 1248 492 1312 servitutem
524 1269 725 1332 perpessum,
759 1246 888 1311 Parthis
920 1248 1104 1332 imperitet?
1156 1248 1348 1314 accendebat
1363 1275 1389 1314 ro

170 1338 379 1422 dedignantes
403 1341 436 1401 et
458 1337 538 1421 ipsc,
560 1336 705 1400 diversus
725 1359 743 1399 a
762 1338 920 1401 maiorum
939 1336 1108 1419 institutis,
1131 1359 1204 1401 raro
1223 1341 1350 1422 venatu,

140 1498 142 1502 ἲ
169 1428 260 1512 segni
292 1448 448 1508 equorum
482 1447 570 1509 cura3
611 1426 759 1508 quotiens
794 1447 851 1508 per
883 1424 979 1489 urbes
1011 1426 1186 1510 incederet,
1217 1428 1349 1491 lecticae

171 1516 347 1601 gestamine
370 1517 521 1597 fastuque
545 1536 622 1599 erga
643 1515 766 1598 patrias
790 1514 909 1598 epulas.
939 1514 1160 1580 inridebantur
1183 1519 1214 1580 et
1239 1514 1350 1580 Graeci

170 1606 304 1670 comites
338 1626 375 1670 ac
406 1604 562 1667 vilissima
594 1602 784 1667 utensilium
816 1606 913 1668 anulo
945 1602 1062 1667 clausa.
1121 1605 1176 1669 sed
1209 1606 1350 1688 prompti

171 1694 291 1777 aditus,
320 1693 415 1757 obvia
438 1693 584 1775 comitas,
612 1693 741 1778 ignotae
764 1692 894 1757 Parthis
907 1691 1069 1778 uirtutes,
1095 1715 1180 1757 nova
1202 1694 1294 1777 vitia3
1318 1698 1350 1759 et
1364 1719 1390 1760 ra

171 1783 247 1867 quia
292 1783 435 1865 ipsorum
481 1781 624 1845 moribus
670 1782 787 1865 aliena,
836 1782 969 1866 perinde
1015 1782 1123 1847 odium
1164 1782 1272 1866 pravis
1318 1788 1350 1847 et

170 1871 324 1935 honestis.

260 1959 364 2046 Igitur
400 1958 585 2023 Artabanus
620 1958 849 2023 Arsacidarum
887 1981 903 2023 e
936 1960 1092 2045 sanguine
1124 1960 1209 2044 apud
1240 1959 1385 2024 Dahas3

171 2050 300 2113 adultus
324 2050 456 2131 excitur,
479 2049 647 2131 primoque
671 2069 845 2133 congressu
867 2048 959 2112 fusus
982 2053 1109 2133 reparat
1131 2051 1214 2114 vires
1237 2071 1350 2135 regno-

172 2161 234 2221 que
257 2137 389 2221 potitur.
416 2137 503 2200 victo
523 2136 654 2201 Vononi
676 2137 862 2221 perfugium
880 2135 1033 2201 Armenia
1055 2138 1127 2222 fuit,
1150 2160 1250 2204 vacua
1273 2143 1350 2203 tunc

173 2228 319 2309 interque
342 2225 536 2289 Parthorum
559 2229 592 2288 et
614 2224 776 2289 Romanas
800 2246 876 2307 opes
899 2224 997 2290 infida
1021 2226 1062 2290 ob
1084 2227 1186 2291 scelus
1205 2227 1351 2313 Antonii,

173 2316 230 2398 qui
252 2314 453 2378 Artavasden
479 2334 587 2398 regem
614 2312 842 2378 Armeniorum
870 2315 974 2397 specie
1002 2315 1159 2380 amicitiae
1187 2316 1348 2396 inlectum,
1377 2343 1389 2382 1

173 2405 247 2467 dein
290 2405 409 2467 catenis
451 2406 632 2486 oneratum,
673 2406 837 2486 postremo
880 2402 1090 2467 interfecerat.
1150 2405 1219 2468 eius
1264 2405 1350 2470 filius
1386 2421 1391 2428 ’

172 2492 333 2576 Artaxias,
356 2491 509 2557 memoria
532 2491 634 2574 patris
658 2490 751 2555 nobis
776 2491 928 2575 infensus,
951 2490 1178 2557 Arsacidarum
1201 2494 1233 2556 vi
1253 2515 1352 2575 seque

172 2603 370 2667 regnumque
398 2585 521 2645 tutatus
550 2585 606 2644 est.
653 2579 758 2645 occiso
782 2580 918 2643 Artaxia
944 2603 1002 2663 per
1024 2580 1133 2645 dolum
1157 2581 1354 2666 propinquo·

210 2757 239 2812 2.
279 2763 302 2810 1.
331 2758 467 2811 Phraates
494 2757 573 2809 ward
601 2755 640 2808 im
667 2755 692 2810 J.
719 2761 736 2807 4
792 2754 940 2825 gchenden
968 2763 1047 2810 eraut
1078 2758 1182 2824 (waren
1214 2756 1261 2809 bei
1293 2757 1352 2809 ihm

174 2847 199 2882 n.
220 2827 281 2883 Chr.
301 2828 443 2898 vergiftet.
791 2827 965 2895 verbanden)
984 2844 1019 2878 zu
1038 2831 1183 2896 erganzen.

211 2906 236 2953 4.
262 2900 363 2954 Caesar
382 2899 408 2953 d.
428 2900 454 2952 h.
475 2898 628 2968 Augustus.
829 2903 869 2951 16.
890 2900 982 2952 alicua
1001 2915 1037 2951 sc.
1053 2915 1146 2966 praec
1164 2906 1189 2954 ct
1206 2901 1325 2955 beaute.

210 2977 234 3024 5.
264 2972 302 3025 ad
328 2988 400 3026 uera
428 2972 544 3039 irnperio
572 2986 608 3023 sc.
636 2971 670 3036 fit
695 2972 738 3038 (ut
826 2968 856 3023 3.
878 2975 901 3022 1.
916 2969 968 3023 Die
978 2969 1080 3037 Dabar,
1093 2970 1139 3022 ein
1148 2970 1348 3040 kriegcrischer

176 3045 312 3097 laetentur
329 3043 472 3111 homiues);
499 3043 586 3096 iaetus
605 3041 642 3094 ad
661 3040 737 3094 steht
791 3040 1025 3107 Scythenstamm
1045 3041 1176 3095 wohnten
1195 3042 1351 3096 sdddstlich

173 3113 239 3168 hist.
261 3119 285 3177 2,
305 3118 347 3166 36.
790 3127 855 3164 vom
882 3111 1026 3180 Kaspisee.
1065 3112 1156 3166 Sohon
1184 3112 1282 3183 Vergil
1309 3130 1350 3167 er-

211 3191 235 3238 8.
273 3184 326 3237 Die
353 3182 508 3252 Participia
536 3184 736 3238 trucidantium
790 3182 887 3235 withnt
906 3183 947 3236 sie
966 3183 1034 3237 Acn.
1055 3189 1079 3251 8,
1100 3189 1151 3238 728
1174 3184 1215 3237 als
1233 3185 1353 3240 indomi-

174 3256 233 3308 und
256 3257 460 3310 exturbantium
484 3254 582 3307 stehen
601 3254 647 3306 fr'ir
666 3253 734 3307 Sub·
791 3257 820 3308 ti.
867 3253 924 3307 Das
950 3253 1057 3322 jetzie
1085 3255 1250 3325 Daghestan
1280 3256 1352 3325 liegt

176 3327 307 3391 stantius,
327 3326 380 3379 wie
396 3327 603 3395 praeupieutea,
622 3328 736 3396 tepentes
792 3325 859 3377 aber
873 3325 1001 3379 westlich
1017 3273 1117 3390 daron,
1133 3342 1179 3378 am
1193 3327 1353 3380 Kaukasos.

174 3397 220 3450 fiir
243 3404 442 3466 praeceptores,
470 3400 585 3452 lectores.
618 3397 733 3453 Ucbers.
826 3401 850 3449 3.
865 3398 1353 3468 eacuc=siuerepaSosagtschon

177 3470 238 3521 ‘der
256 3467 382 3535 Manner,
402 3468 447 3520 die
468 3468 734 3522 n..iedermetzel-
790 3465 898 3521 Cicero:
918 3486 984 3539 aper
1001 3486 1114 3535 uacuus,
1129 3470 1249 3537 praedia
1263 3486 1351 3523 eaeua

178 3540 248 3592 ten'.
269 3570 301 3578 —
322 3537 437 3591 Crassus
455 3538 502 3591 fiel
521 3544 554 3592 53
569 3558 593 3592 v.
609 3537 671 3593 Chr.
788 3555 842 3591 von
861 3538 1040 3593 herrenlosen
1059 3539 1283 3594 Grundatticken.

214 3616 256 3663 11.
278 3626 344 3664 raro
363 3641 396 3648 —
416 3626 490 3663 uera.
528 3609 609 3663 Nach
627 3610 734 3665 Justins
827 3615 851 3662 4.
871 3611 1037 3665 Parthorum
1050 3618 1076 3665 et
1090 3612 1240 3666 Romanas,
1258 3611 1354 3664 Nach-

177 3681 292 3734 Bericht
306 3680 413 3733 liebten
424 3680 737 3751 diePartherdieJagd
791 3680 947 3734 klassischc
966 3681 1191 3751 Abwechselung
1214 3684 1284 3735 statt
1303 3683 1355 3736 der

176 3751 435 3819 leidenschaftlich‚
468 3752 527 3804 und
560 3751 606 3805 die
638 3752 737 3806 Freien
792 3752 983 3820 Konziunittt,
1002 3753 1055 3807 wie
1074 3770 1096 3807 c.
1118 3759 1158 3806 17.
1180 3759 1204 3821 3,
1224 3760 1248 3807 2.
1270 3759 1311 3819 11,
1326 3759 1353 3807 6.

176 3827 259 3877 unter
287 3822 372 3875 ihnen
402 3823 565 3877 erschienen
592 3821 738 3877 dffentlich
829 3824 1353 3891 5.Artavasdes‚seit34vonAntonius

177 3913 229 3947 nur
248 3912 282 3946 au
299 3893 409 3947 Pferde.
429 3882 505 3948 liber
523 3894 569 3947 dic
584 3893 647 3948 Abl.
662 3895 737 3962 qual.
792 3894 1012 3948 treuloserwcise
1041 3895 1182 3965 gefangen
1210 3896 1352 3966 gehalten‚

177 3986 198 4020 s.
217 3966 290 4020 Einl.
311 3972 326 4031 ς
346 3970 388 4019 38.
794 3967 871 4019 ward
892 3971 925 4019 30
945 3983 997 4019 von
1016 3966 1171 4035 Kleopatra
1190 3969 1306 4037 getdtet.

215 4043 255 4091 12.
275 4024 351 4091 llber
369 4039 491 4105 quotieas
508 4036 562 4090 mit
580 4037 644 4090 dem
662 4037 737 4091 Kon-
829 4042 852 4089 7.
876 4054 954 4105 aeque
971 4055 1143 4107 reparatque.
1167 4038 1251 4092 Diesc
1271 4039 1352 4092 Form

175 4107 295 4179 junktiv,
308 4126 328 4162 s.
347 4108 420 4161 Einl.
439 4114 454 4173 ξ
474 4113 515 4162 88.
793 4107 842 4161 der
851 4107 1056 4161 Koordinatiou
1069 4109 1108 4162 ist
1121 4110 1273 4163 besonders
1288 4112 1352 4163 dem

215 4185 256 4233 13.
276 4167 351 4233 Uber
369 4198 434 4250 erpa
453 4198 474 4233 s.
494 4178 568 4232 Einl.
588 4185 603 4243 ς’
623 4184 665 4233 et.
794 4178 899 4232 Sallust
913 4178 1123 4247 cigenttimlich,
1137 4180 1184 4234 bei
1195 4180 1352 4245 Quintilian

215 4257 256 4304 14.
280 4253 373 4318 cuuto,
393 4250 451 4305 scil.
471 4252 629 4320 sipuatorio.
791 4267 845 4301 nur
863 4251 903 4302 im
921 4249 1118 4316 Relativsatze‚
1137 4252 1184 4306 bei
1199 4252 1264 4305 Tae.
1280 4250 1351 4304 auch

215 4327 257 4375 11.
276 4324 385 4393 1911111
399 4323 512 4376 Parthia
525 4324 647 4387 uirtutes,
665 4339 737 4376 recca
794 4325 835 4386 16,
856 4326 889 4373 16
907 4338 999 4389 meque
1016 4323 1106 4389 ipsum
1126 4355 1159 4363 -
1174 4326 1351 4391 aliorumque.

178 4395 226 4463 (sc.
241 4393 365 4462 Partitis)
386 4395 460 4458 uitia,
480 4392 560 4446 nieht
575 4392 736 4461 Appositio-
792 4390 996 4460 Ursprr'inglieh
1015 4392 1186 4448 dichteriseh
1204 4394 1263 4446 und
1279 4409 1352 4444 zwar

178 4480 241 4530 nen,
261 4464 382 4519 sondern
401 4480 430 4517 es
449 4464 487 4518 ist
500 4463 554 4517 wie
572 4461 611 4515 im
625 4462 736 4516 vorher-
793 4461 878 4514 schon
898 4479 946 4515 vor
965 4463 1014 4516 der
1032 4463 1205 4517 klassisehcn
1225 4463 1292 4514 Zeit.

1104 4552 1138 4603 7*
