3092 4834
514 279 623 332 LIBER
641 278 671 332 11.
710 278 786 332 CAP.
807 284 920 332 rs-ar.
1250 278 1314 342 109

136 444 279 526 equitem
303 443 494 526 propinquis
517 443 598 506 lucis
623 445 739 524 texere,
762 445 799 505 ut
822 442 975 527 ingressis
1000 441 1112 505 silvam
1132 442 1314 528 legionibus

111 559 114 564 ·
136 554 158 595 a
180 535 272 617 tergo
295 531 387 595 foret
1329 543 1354 585 1⁰

227 619 321 684 Nihil
344 642 382 683 ex
405 617 456 683 his
482 618 609 683 Caesari
636 619 851 704 incognitum,
881 619 1015 683 consilia
1037 618 1141 701 locos,
1164 624 1315 704 prompta
1324 607 1368 673 20

137 710 265 775 occulta
294 712 426 773 noverat
453 713 606 792 astusque
633 708 777 772 hostium
805 707 839 771 in
861 708 1035 792 perniciem
1059 708 1138 791 ipsis
1161 708 1313 774 vertebat.

140 798 214 862 Seio
247 796 409 862 Tuberoni
445 798 553 884 legato
591 797 690 861 tradit
726 798 868 880 equitem
907 818 1132 881 campumque,
1169 796 1314 881 peditum

136 887 240 953 aciem
268 887 314 951 ita
341 888 509 970 instruxit,
540 890 576 950 ut
602 908 676 971 pars
705 905 806 970 aequo
834 887 869 950 in
896 888 1008 950 silvam
1034 887 1123 951 aditu
1147 886 1315 969 incederet,

137 997 212 1059 pars
243 975 405 1040 obiectum
433 998 583 1062 aggerem
611 977 799 1058 eniteretur,
827 974 914 1058 quod
936 975 1084 1059 arduum,
1112 975 1188 1058 sibi,
1212 981 1315 1041 cetera
1342 993 1354 1033 ⁶

137 1065 252 1152 legatis
275 1065 429 1148 permisit.
477 1065 593 1149 quibus
616 1066 713 1149 plana
736 1068 915 1149 evenerant,
937 1064 1032 1129 facile
1055 1065 1217 1149 inrupere,
1242 1066 1313 1149 quis

138 1155 364 1238 inpugnandus
384 1176 491 1239 agger,
514 1158 551 1218 ut
570 1156 598 1217 si
617 1162 746 1219 murum
764 1153 977 1236 succederent,
1001 1154 1153 1238 gravibus
1177 1175 1313 1238 superne

137 1242 257 1308 ictibus
282 1244 558 1308 conflictabantur.
605 1243 705 1307 sensit
724 1243 790 1306 dux
808 1244 952 1326 inparem
971 1244 1149 1307 comminus
1171 1266 1313 1329 pugnam

134 1334 332 1417 remotisque
354 1333 485 1416 paulum
506 1332 689 1418 legionibus
712 1331 894 1396 funditores
915 1331 1142 1416 libritoresque
1166 1325 1313 1397 excutere

137 1421 202 1485 tela
229 1426 261 1486 et
287 1421 477 1506 proturbare
504 1422 631 1486 hostem
661 1422 758 1485 iubet.
809 1421 926 1485 missae
953 1442 971 1484 e
1000 1422 1169 1485 tormentis
1192 1421 1354 1504 hastae,1o

136 1515 321 1593 quantoque
348 1511 514 1593 conspicui
536 1512 639 1597 magis
662 1514 929 1594 propugnatores,
960 1514 1050 1574 tanto
1074 1510 1221 1594 pluribus
1244 1510 1312 1574 rul-

135 1599 265 1663 neribus
290 1600 411 1664 deiecti.
453 1600 577 1683 primus
597 1598 713 1664 Caesar
731 1620 805 1663 cum
823 1599 993 1682 praetoriis
1012 1598 1199 1664 cohortibus
1218 1604 1312 1683 capto

136 1689 221 1753 vallo
253 1689 341 1752 dedit
368 1689 525 1773 impetum
553 1690 588 1753 111
616 1690 727 1773 silvas3
760 1689 888 1754 conlato
921 1687 990 1752 illic
1017 1689 1119 1773 gradu
1147 1692 1312 1752 certatum.

134 1777 262 1842 hostem
280 1802 299 1842 a
317 1782 408 1864 tergo
426 1780 529 1861 palus,
551 1778 714 1843 Romanos
736 1778 857 1842 flumen
880 1781 936 1841 aut
958 1782 1084 1842 montes
1108 1777 1312 1842 claudebant:

136 1868 281 1950 utrisque
308 1868 482 1931 necessitas
512 1869 547 1930 in
574 1868 659 1946 loco,
684 1888 756 1950 spes
780 1869 815 1931 in
837 1866 970 1949 virtute,
997 1867 1084 1931 salus
1107 1889 1147 1930 ex
1169 1867 1311 1932 victoria.
1327 1888 1352 1928 rs

225 1954 293 2020 Nec
312 1958 417 2020 minor
441 1954 607 2020 Germanis
631 1956 764 2038 animus,
789 1956 844 2020 sed
868 1977 983 2041 genere
1005 1976 1133 2041 pugnae
1155 1959 1188 2019 et
1211 1954 1362 2021 armo-21

136 2067 207 2108 rum
228 2045 472 2127 superabantur,
496 2067 568 2110 cum
593 2046 706 2130 ingens
731 2045 906 2109 multitudo
926 2045 1004 2109 artis
1022 2045 1102 2109 locis
1121 2044 1311 2132 praelongas

134 2132 245 2196 hastas
277 2155 342 2197 non
374 2133 592 2218 protenderet,
624 2156 690 2198 non
718 2134 898 2219 colligeret,
930 2155 1035 2216 neque
1067 2133 1247 2198 adsultibus
1280 2138 1312 2198 et

136 2222 307 2286 velocitate
330 2243 502 2306 corporum
526 2226 682 2304 uteretur,
712 2226 823 2286 coacta
846 2222 960 2287 stabile
983 2224 1023 2286 ad
1046 2223 1214 2307 proelium,
1238 2245 1312 2289 oon-

135 2315 186 2373 tra
218 2311 323 2392 miles,
356 2311 409 2374 cui
441 2315 566 2375 scutum
599 2311 724 2395 pectori
751 2310 939 2394 adpressum
967 2316 999 2375 et
1027 2311 1168 2375 insidens
1196 2312 1310 2396 capulo
1339 2338 1351 2378 s

137 2421 265 2483 manus,
296 2399 379 2463 latos
412 2400 621 2464 barbarorum
654 2403 757 2482 artus,
794 2400 880 2462 nuda
912 2421 968 2463 ora
1002 2399 1126 2464 foderet
1162 2402 1311 2484 viamque

108 2492 243 2574 ,strage
271 2488 414 2553 hostium
438 2489 590 2572 aperiret,
618 2489 804 2572 inprompto
828 2489 892 2551 iam
915 2488 1065 2552 Arminio
1093 2488 1135 2552 ob
1159 2490 1312 2553 continua

135 2579 292 2661 pericula,
320 2579 386 2643 sive
414 2578 506 2642 illum
530 2599 639 2642 recens
662 2583 829 2661 acceptum
853 2576 969 2641 vulnus
997 2578 1185 2641 tardaverat.
1232 2579 1311 2662 quin

171 2753 220 2807 20.
250 2760 273 2806 2.
303 2758 379 2807 astos
398 2755 469 2806 statt
487 2756 590 2807 astutio
610 2753 696 2806 sehon
750 2754 834 2807 militi
851 2753 976 2807 modice
994 2754 1159 2819 ostenderam
1178 2759 1204 2818 4,
1218 2758 1253 2806 40
1267 2757 1309 2808 111-

134 2824 182 2877 bei
192 2823 318 2892 Plautus,
335 2824 407 2877 fehlt
417 2824 447 2877 in
456 2823 541 2878 klass.
553 2824 645 2877 Prosa.
661 2857 695 2864 -
749 2826 837 2895 sipmis
847 2825 962 2892 publica
974 2824 1114 2879 seueritate
1125 2825 1226 2878 diesne
1237 2827 1310 2894 pri·

134 2894 215 2963 Sejus
235 2895 352 2963 Tubero,
372 2895 479 2948 Bruder
498 2895 547 2949 des
568 2894 695 2964 Sejanus,
749 2897 852 2950 satim
868 2896 977 2964 quidem
991 2896 1072 2949 laude
1086 2896 1189 2962 saraim
1204 2912 1268 2950 ann.
1284 2903 1308 2962 6,

133 2966 204 3019 wird
218 2966 258 3019 im
272 2966 296 3020 J.
311 2972 345 3019 24
361 2967 409 3020 des
424 2966 626 3021 Hoehverrates
647 2984 695 3020 an·
752 2972 793 3033 15,
802 2972 835 3019 13
846 2967 891 3034 (cf.
901 2966 1002 3020 Muller
1013 2965 1043 3019 in
1054 2967 1103 3020 der
1113 2966 1310 3036 Textausgabe

133 3034 259 3108 gekl'agt,
280 3037 346 3096 aber
363 3037 598 3108 freigesprochen.
749 3055 802 3091 von
813 3037 916 3108 (licere,
927 3037 1048 3091 PareIV.
1058 3037 1112 3091 vol.
1122 3038 1148 3090 Π
1163 3056 1190 3107 p.
1201 3038 1309 3109 XXVI).

171 3114 195 3162 6.
215 3109 344 3164 euitimit
359 3110 422 3163 dem
436 3109 543 3163 Akkus.
559 3136 592 3155 =
607 3126 694 3164 esces·
786 3115 810 3163 9.
830 3109 882 3163 Die
897 3108 1033 3165 libritcres
1047 3110 1109 3164 sind
1129 3109 1192 3163 eine
1210 3111 1310 3165 beson-

134 3180 203 3245 dere,
221 3180 275 3233 wie
293 3180 358 3234 hist.
380 3187 403 3247 1,
424 3186 457 3233 23
476 3181 534 3233 und
553 3181 599 3234 bei
614 3181 694 3234 00111-
750 3182 815 3235 dere
838 3182 891 3234 Art
919 3180 1109 3235 Schleuderer.
1147 3182 1200 3237 Die
1227 3183 1310 3236 Form

133 3251 495 3319 mella2,2,27=comficcre
506 3252 573 3306 oder
582 3255 692 3307 eorets'm'.
748 3252 802 3305 wie
822 3258 863 3317 13,
883 3258 926 3320 39,
945 3252 1084 3322 gewbhnl.
1104 3254 1225 3307 librator.

171 3328 195 3375 6.
215 3322 244 3375 ln
260 3324 387 3391 permisit
405 3323 476 3393 liegt
497 3323 542 3376 ein
556 3323 693 3394 Zeugma;
786 3330 827 3377 13.
842 3326 1246 3394 iospetomdorcmtattfocere)
1258 3325 1309 3379 hat

133 3392 189 3462 vgl.
212 3393 285 3447 Einl.
309 3400 324 3459 ξ
345 3399 404 3448 121.
430 3426 463 3434 -
489 3402 550 3463 quis
569 3395 619 3448 der
637 3395 694 3448 Ab·
748 3395 1308 3462 1111111911.1.Β.4,28;9,43,1111111111

133 3464 313 3535 weehselung
326 3481 432 3533 wegen,
447 3465 511 3518 weil
522 3468 619 3534 quibus
634 3483 693 3519 vor·
748 3469 825 3536 sagt:
852 3473 909 3521 stru
929 3483 977 3532 em,
1005 3467 1206 3536 impressionem
1234 3466 1308 3521 dore.

133 3535 259 3605 aufgeht.
301 3535 382 3591 Ohne
404 3536 583 3605 Prepesition
606 3537 694 3591 findet
786 3543 826 3590 14.
848 3485 984 3591 Derlluss
993 3536 1071 3590 kann
1080 3537 1221 3591 natbrlieh
1237 3538 1308 3591 auch

134 3607 194 3659 sich
219 3607 296 3661 diese
316 3607 395 3660 Form
420 3608 450 3660 in
474 3608 527 3661 den
550 3607 694 3662 Historien
748 3608 829 3661 nieht
847 3608 939 3662 sicher
957 3608 1103 3662 bestimmt
1120 3609 1240 3663 werden.

132 3678 192 3730 und
214 3677 356 3746 Annalen,
381 3679 449 3732 aber
471 3679 543 3732 noch
566 3679 645 3732 nieht
664 3679 694 3732 in
785 3679 834 3733 21.
871 3685 895 3733 3.
933 3680 1056 3762 collipcre
1087 3679 1308 3747 τ111111111111111111,

134 3749 189 3802 den
208 3750 268 3803 drei
286 3749 431 3804 kleineren
450 3749 598 3805 Schriften.
748 3749 915 3816 einziehen’3
930 3750 959 3803 in
974 3751 1080 3806 dresem
1095 3750 1179 3804 Sinne
1194 3750 1241 3805 ἅτε.
1258 3752 1307 3818 elo.

170 3826 193 3873 7.
212 3828 244 3875 ot
252 3823 286 3887 si,
302 3821 374 3875 auch
384 3828 409 3888 3,
419 3827 467 3888 4⁶3
482 3821 549 3875 dial.
566 3827 612 3888 103
627 3822 693 3875 hist.
749 3854 782 3861 —
802 3821 928 3876 adsultus
941 3823 1013 3876 nach
1028 3822 1111 3892 Verg.
1130 3822 1199 3877 Aen.
1217 3829 1241 3891 6,
1256 3829 1308 3876 442

135 3897 159 3956 1,
179 3897 221 3945 32.
241 3897 283 3946 62.
321 3892 507 3962 Desgleichen
528 3892 574 3946 bei
589 3892 693 3961 Cicero,
747 3896 834 3947 coriis
852 3894 1007 3949 adsultibus
1025 3901 1110 3965 serpet.

132 3961 227 4016 Livius
246 3964 305 4016 und
323 3962 431 4032 Nepos,
458 3964 530 4017 doch
548 3963 628 4017 nicht
647 3964 693 4018 bei
785 3970 808 4019 6.
837 3966 942 4031 fodere,
962 3966 993 4019 in
1018 3965 1122 4020 diesem
1148 3964 1232 4020 Sinna
1257 3985 1308 4019 un-

133 4032 220 4087 Cesar
233 4035 292 4087 und
307 4033 421 4089 Sallust.
436 4066 471 4075 -
485 4035 537 4088 Die
551 4036 693 4090 Adverbia
747 4035 893 4090 klassisch.
940 4037 1039 4091 Znerst
1066 4037 1123 4090 Liv.
1157 4043 1186 4101 8,
1216 4043 1262 4105 10,
1291 4045 1306 4091 6

131 4121 247 4230 srtqplproe
261 4107 320 4230 pprd
334 4106 693 4231 irptfongrirdenpqmrpp'mus
747 4108 834 4233 gousrttrs
841 4109 1051 4233 prqp‘odp'pmes,
1067 4109 1169 4162 ebenso
1182 4109 1250 4178 Agr.
1265 4115 1307 4163 36.

133 4191 231 4229 sen
341 4194 505 4231 arruve
575 4194 605 4246 Je
639 4196 692 4233 1111.
817 4221 867 4246 .,
923 4221 992 4245 ‚.

133 4246 160 4300 S.
174 4246 248 4302 Einl.
263 4254 278 4313 ς
295 4254 335 4303 11.
360 4249 439 4302 Auch
454 4253 531 4302 sonat
546 4249 692 4305 setthae.
784 4256 808 4303 8.
836 4251 893 4304 Das
922 4249 1052 4304 einfache
1078 4253 1134 4305 sice
1161 4253 1232 4305 statt
1258 4252 1307 4305 des

132 4318 185 4371 wie
212 4319 371 4389 uberhaupt
400 4321 449 4374 der
476 4320 607 4374 Lateiner
636 4321 693 4374 Ad·
747 4321 910 4389 doppelten,
929 4339 964 4373 nu
984 4328 1007 4387 1,
1028 4327 1053 4389 6,
1073 4327 1115 4374 17.

132 4388 240 4456 verbis,
268 4408 310 4445 wo
334 4409 386 4445 uns
414 4391 567 4460 Adjelrtiva
596 4395 693 4445 natur-
783 4399 807 4445 9.
840 4393 967 4459 volitare,
999 4391 1052 4445 wie
1082 4398 1128 4459 16,
1151 4398 1166 4443 9
1201 4399 1307 4446 tmmoe

131 4459 221 4514 licher
231 4461 375 4516 scheinen:
386 4462 451 4516 hist.
463 4468 527 4531 2,82
534 4463 694 4517 donativum
747 4479 849 4533 mapsa
861 4464 947 4530 specie
964 4464 1125 4528 actitabant,
1142 4461 1208 4514 hist.
1228 4469 1253 4526 s,
1273 4466 1306 4512 88
