3092 4834
212 257 275 322 118
362 257 391 312 Ρ.
411 255 582 312 CORNELII
599 254 719 311 ΤΑΟΙΤΙ
738 256 786 310 AB
805 255 966 312 EXCESSU
984 256 1061 312 DIVI
1079 256 1239 313 AUGUSTI

212 425 245 484 et
271 420 383 485 cedere
410 419 504 503 urbe,
531 420 691 485 victurum
719 421 754 484 in
782 420 890 504 aliquo
919 420 1028 485 abdito
1057 424 1089 484 et
1115 422 1295 508 longinque
1320 443 1393 485 rure

211 508 404 594 testabatur3
433 510 529 575 simul
552 510 673 574 curiam
695 509 907 593 relinquebat.
954 513 1133 575 commotus
1161 514 1210 575 est
1234 510 1393 594 Tiberius,

184 603 245 665 set
268 620 461 683 quamquam
484 597 617 663 mitibus
640 599 748 663 verbis
766 598 918 664 Pisonem
937 599 1169 683 permulsisset,
1191 600 1392 684 propinquos

212 709 339 772 quoque
377 689 445 752 eius
482 685 626 773 impulit,
663 691 700 751 ut
732 687 901 753 abeuntem
935 690 1126 759 auctoritate
1158 688 1210 754 vel
1241 689 1392 773 precibus

212 781 365 842 tenerent.
421 777 508 841 haud
535 778 641 842 minus
669 777 765 842 liberi
796 777 916 841 doloris
947 778 1175 843 documentum
1203 778 1288 843 idem
1316 778 1392 843 Piso

212 888 288 930 mox
311 865 400 930 dedit
421 870 535 931 vocata
557 867 592 930 in
614 867 665 930 ius
688 865 876 952 Urgulania,
899 888 996 950 quam
1020 889 1117 951 supra
1139 867 1227 952 leges
1251 867 1392 933 amicitia

212 955 381 1041 Augustae
400 957 566 1019 extulerat.
589 977 649 1019 nec
668 959 724 1040 aut
743 954 922 1042 Urgulania
941 956 1184 1039 obtemperavit,
1209 956 1243 1020 in
1261 956 1392 1021 domum

172 1070 199 1110 ro
214 1043 357 1110 Caesaris
390 1048 498 1128 spreto
531 1043 649 1109 Pisone
678 1048 783 1128 vecta,
820 1048 875 1108 aut
907 1044 962 1111 ille
994 1046 1162 1128 abscessit,
1200 1067 1391 1130 quamquam

213 1132 361 1220 Augusta
389 1155 423 1197 se
451 1135 565 1198 violari
594 1138 626 1199 et
653 1135 801 1198 imminui
824 1138 1018 1217 quereretur.
1065 1133 1213 1199 Tiberius
1236 1134 1392 1200 hactenus

212 1222 378 1309 indulgere
401 1222 498 1287 matri
521 1222 614 1287 civile
637 1227 736 1305 ratus,
758 1227 796 1287 ut
815 1245 848 1287 se
868 1223 989 1287 iturum
1008 1223 1048 1286 ad
1067 1225 1223 1307 praetoris
1242 1223 1394 1308 tribunal,

212 1311 399 1377 adfuturum
421 1310 619 1398 Urgulaniae
648 1312 780 1395 diceret,
808 1312 966 1397 processit
992 1312 1132 1396 Palatio,
1159 1314 1274 1398 procul
1302 1314 1393 1396 sequi

212 1401 308 1467 iussis
340 1400 508 1465 militibus.
568 1401 773 1486 spectabatur
810 1405 997 1466 occursante
1034 1403 1156 1486 populo
1194 1404 1393 1487 compositus

174 1515 199 1556 rs
214 1510 269 1554 ore
292 1492 324 1554 et
347 1490 550 1555 sermonibus
573 1491 671 1554 variis
695 1494 821 1574 tempus
844 1495 941 1575 atque
965 1491 1026 1556 iter
1050 1491 1177 1574 ducens,
1201 1492 1303 1556 donec
1320 1513 1394 1577 pro·

212 1578 343 1663 pinquis
361 1578 512 1644 Pisonem
530 1580 652 1644 frustra
671 1580 891 1644 co'e‘rcentibus
912 1580 1029 1645 deferri
1047 1580 1197 1665 Augusta
1215 1583 1394 1665 pecuniam,

213 1687 294 1752 quae
326 1667 510 1752 petebatur,
542 1668 676 1733 iuberet.
722 1670 814 1752 isque
841 1669 916 1733 finis
943 1671 1003 1754 rei,
1031 1692 1071 1735 ex
1098 1692 1162 1753 qua
1189 1692 1293 1753 neque
1317 1668 1393 1734 Piso

213 1756 371 1842 inglorius
405 1761 437 1820 et
470 1754 586 1821 Caesar
623 1760 743 1821 maiore
779 1757 865 1823 fama
896 1758 966 1823 fuit.
1022 1763 1163 1823 ceterum
1195 1758 1393 1845 Urgulaniae

212 1847 358 1930 potentia
388 1845 466 1910 adeo
495 1846 596 1910 nimia
623 1847 747 1910 civitati
775 1850 857 1931 erat,
889 1851 926 1912 ut
952 1850 1046 1912 testis
1069 1850 1103 1912 in
1127 1870 1222 1915 causa
1245 1848 1392 1931 quadam,

174 1960 201 2001 ao
215 1956 296 2017 quae
315 1934 400 2018 apud
419 1938 566 1999 senatum
584 1936 793 2018 tractabatur,
816 1939 925 2001 venire
945 1937 1184 2023 dedignaretur:
1208 1938 1326 2002 missus
1345 1940 1395 2002 est

213 2027 352 2106 praetor,
375 2023 431 2106 qui
451 2024 536 2088 domi
560 2024 783 2110 interrogaret,
806 2048 877 2090 cum
896 2027 1038 2113 virgines
1052 2025 1199 2091 Vestales
1218 2027 1253 2090 in
1270 2028 1342 2091 foro
1362 2031 1395 2091 et

215 2111 334 2176 iudicio
358 2112 472 2197 audiri,
496 2113 643 2197 quotiens
668 2116 890 2180 testimonium
914 2115 1065 2200 dicerent,
1087 2120 1179 2180 vetus
1198 2137 1269 2180 mos
1287 2117 1393 2180 fuerit.

170 2199 214 2264 35
305 2199 368 2264 Res
392 2223 428 2266 eo
453 2224 536 2266 anno
560 2203 703 2287 prolatas
726 2202 811 2268 haud
835 2206 997 2287 referrem,
1020 2206 1054 2269 ni
1077 2205 1216 2289 pretium
1235 2206 1319 2270 foret
1338 2204 1393 2269 On.

215 2289 344 2355 Pisonis
377 2295 409 2355 et
440 2290 546 2356 Asinii
577 2290 660 2357 Galli
693 2315 790 2377 super
823 2316 860 2358 eo
887 2294 1018 2380 negotio
1050 2294 1191 2359 diversas
1220 2294 1393 2359 sententias

213 2401 353 2445 noscere.
400 2379 489 2464 Piso,
518 2403 712 2466 quamquam
740 2382 906 2447 afuturum
934 2405 967 2447 se
995 2383 1119 2447 dixerat
1144 2381 1268 2468 Caesar,
1296 2383 1337 2447 ob
1360 2383 1394 2446 id

213 2470 317 2554 magis
341 2470 481 2555 agendas
501 2471 658 2555 censebat,
681 2474 719 2535 ut
738 2472 869 2536 absente
888 2473 1034 2556 principe
1054 2476 1199 2537 senatum
1219 2476 1252 2536 et
1271 2473 1394 2557 equites

188 2581 308 2642 sposse
332 2581 389 2623 sua
411 2560 521 2624 munia
545 2562 703 2625 sustinere
727 2559 876 2625 decorum
899 2562 947 2625 rei
969 2561 1117 2644 publicae
1139 2562 1233 2627 foret.
1275 2561 1395 2644 Gallus,

216 2650 291 2731 quia
321 2650 459 2731 speciem
490 2648 649 2715 libertatis
682 2649 758 2714 Piso
789 2654 1007 2736 praeceperat,
1036 2651 1120 2715 nihil
1151 2653 1229 2715 satis
1259 2651 1394 2715 inlustre

216 2741 272 2800 aut
294 2760 333 2801 ex
357 2739 514 2823 dignitate
537 2738 650 2822 populi
673 2738 813 2803 Romani
836 2739 899 2803 nisi
923 2761 1029 2804 coram
1054 2746 1086 2804 et
1110 2739 1169 2804 sub
1194 2740 1295 2805 oculis
1319 2738 1394 2805 Cae-

216 2832 309 2908 saris,
342 2847 444 2910 eoque
472 2831 664 2892 conventum
691 2826 805 2893 Italiae
834 2832 866 2891 et
894 2829 1065 2893 adfluentis
1093 2830 1277 2913 provincias
1304 2851 1394 2913 prae-

217 2916 338 2978 sentiae
362 2914 431 2979 eius
454 2916 609 2979 servanda
632 2916 766 2980 dicebat.
798 2917 947 2982 audiente
970 2918 1048 2982 haec
1067 2918 1196 2983 Tiberio
1220 2941 1257 2984 ac
1281 2919 1394 2983 silente

176 3029 203 3069 ro
216 3003 342 3087 magnis
365 3003 526 3087 utrimque
550 3005 811 3070 contentionibus
834 3010 915 3091 acta,
938 3007 993 3071 sed
1017 3029 1066 3071 res
1091 3007 1217 3072 dilatae.

173 3091 215 3156 36
306 3090 350 3154 Et
377 3096 537 3156 certamen
561 3090 653 3157 Gallo
677 3094 829 3159 adversus
853 3094 1019 3162 Caesarem
1047 3101 1194 3161 exortum
1218 3100 1275 3161 est.
1320 3119 1394 3161 nam

216 3180 340 3245 censuit
362 3181 397 3244 in
421 3182 674 3265 quinquennium
697 3186 944 3268 magistratuum
968 3186 1099 3250 comitia
1116 3186 1272 3269 habenda,
1295 3190 1394 3269 utque

215 3304 293 3356 aiam
315 3304 341 3356 ei
360 3303 534 3371 prouinciam
559 3304 636 3370 dari,
659 3303 777 3373 116112,
871 3312 913 3360 22.
933 3295 1008 3362 Uber
1026 3310 1150 3377 quotieas
1168 3308 1222 3361 mit
1241 3307 1305 3361 dem
1319 3308 1394 3361 Kon-

216 3378 267 3439 1,5
282 3391 359 3442 quem
372 3374 417 3428 tui
429 3375 546 3442 recipere
559 3392 587 3430 sc
601 3383 776 3446 ucpuccruut.
829 3377 944 3446 junktiv
964 3398 985 3433 s.
1004 3378 1077 3432 Einl.
1097 3385 1112 3444 ξ
1132 3383 1174 3433 88.

217 3444 309 3499 Schon
327 3445 374 3499 bei
394 3443 450 3499 Cic.
469 3462 520 3515 pro
538 3447 599 3516 Lig.
615 3453 657 3515 12,
677 3453 720 3515 35,
740 3449 777 3502 ad
868 3449 918 3505 35.
930 3456 1006 3505 1161
1012 3451 1394 3519 proferrcwarderstehende

216 3517 274 3571 Att.
301 3521 326 3582 1,
353 3522 396 3583 21,
423 3523 437 3570 1
465 3517 523 3570 und
550 3517 627 3573 Caes.
646 3519 673 3573 b.
700 3518 731 3573 G.
752 3526 777 3587 2,
832 3521 981 3575 Ausdruok
1008 3520 1054 3575 fiir
1083 3522 1128 3575 die
1152 3522 1318 3591 Vertagnng
1345 3522 1395 3575 der

216 3594 258 3654 32,
280 3593 305 3655 3,
323 3588 350 3642 b.
370 3605 393 3642 6.
414 3594 438 3654 3,
458 3593 483 3656 8,
503 3595 527 3643 3.
691 3651 704 3663 ..
832 3591 1014 3647 offentlichen
1047 3592 1299 3663 Verbandlungen,
1335 3609 1394 3647 was

252 3665 276 3714 7.
305 3659 372 3714 liber
391 3660 468 3715 dolor
492 3659 666 3733 ‘freimi'itige
685 3663 776 3716 Ausse-
832 3663 894 3717 hier
913 3682 948 3717 zu
966 3664 1168 3733 ungewohnter
1182 3664 1243 3718 Zeit
1257 3667 1329 3719 trotz
1345 3680 1393 3718 an-

214 3730 360 3856 {1¹anssoe
374 3730 633 3858 'Unuitllenatwie
657 3732 777 3860 Cumnt,
832 3738 971 3860 gosgtbpter
989 3736 1118 3861 Tqrmine
1134 3736 1280 3861 ,cintretep
1304 3734 1394 3860 spllte.

234 3845 240 3868 ,
310 3820 629 3859 1611611161111111
664 3823 725 3860 uere
746 3823 779 3860 aa
834 3838 865 3845 -
924 3824 954 3860 er
1005 3825 1134 3862 6111166
1164 3825 1184 3860 s.
1205 3825 1238 3860 zu
1277 3828 1394 3874 ‚a.-

215 3873 299 3928 dolor.
646 3823 663 3874 q
833 3865 909 3932 Uber
924 3825 1152 3948 unidalpumius
1162 3878 1227 3933 Piso
1238 3898 1259 3933 s.
1270 3886 1339 3945 aul,
1351 3884 1392 3932 13.

255 3950 299 4010 13.v
311 3946 455 4014 procedere
464 3946 518 3999 mit
532 3945 644 4002 blossem
653 3946 778 4014 Ablativ,
869 3955 893 4002 4.
920 3951 1042 4020 apcadas
1060 3967 1097 4003 sc.
1116 3967 1166 4005 res.

217 4014 267 4068 wie
286 4017 370 4081 abire,
385 4033 571 4087 prorumpere,
587 4036 719 4087 11111616,
733 4019 777 4073 de·
869 4026 893 4073 7.
912 4022 963 4075 aab
982 4022 1080 4085 oculis,
1099 4022 1152 4075 wie
1172 4020 1249 4075 Caes.
1269 4021 1296 4074 b.
1317 4020 1348 4074 G.
1368 4026 1394 4086 5,

211 4102 334 4154 11611616
352 4088 411 4140 und
431 4087 488 4155 dgl.
517 4088 580 4158 Vgl.
600 4108 634 4143 zu
654 4095 679 4156 2,
700 4096 741 4144 19.
834 4096 867 4144 16
886 4093 936 4146 sub
955 4093 1042 4146 oculis
1060 4093 1190 4159 omnium,
1209 4092 1267 4145 biv.
1288 4098 1330 4158 22,
1352 4098 1393 4146 14.

255 4162 295 4211 11.
313 4158 454 4213 aeditibus.
472 4165 495 4225 1,
511 4165 526 4212 1
542 4161 618 4215 miles
631 4162 662 4215 iu
675 4162 776 4228 foruna,
869 4168 893 4214 9.
921 4165 987 4217 11166
1005 4163 1043 4216 ist
1061 4162 1233 4216 Nominativ.

214 4229 292 4283 miles
309 4229 340 4282 111
358 4231 465 4283 cuium
483 4232 672 4287 comitabatur.
870 4239 911 4287 10.
926 4235 1030 4289 dilutae
1044 4251 1098 4287 nur
1111 4234 1395 4304 zurAbwechselung

253 4305 294 4354 15.
317 4305 422 4368 tempus
446 4308 526 4370 atquc
549 4303 601 4357 iter
619 4329 653 4349 =
672 4310 778 4374 tempus
833 4306 903 4358 statt
918 4307 1052 4374 prolatae.

215 4372 330 4426 itineris.
867 4375 917 4432 86.
955 4383 979 4431 2,
1016 4377 1054 4430 Er
1081 4376 1210 4445 verlangt
1227 4376 1310 4444 alae,
1339 4377 1394 4430 dau

253 4447 295 4495 18.
320 4441 495 4508 1111111611.
517 4442 717 4515 ‘hervorging’.
831 4447 979 4501 samtliche
1011 4448 1115 4501 hebere
1142 4448 1259 4502 Beamte
1291 4449 1391 4503 immet
