3092 4834
209 213 274 277 208
354 214 384 268 P.
404 211 575 268 CORNELII
593 210 717 266 TAGITI
736 211 784 265 AB
802 209 964 265 Exoasso
981 209 1060 265 DIVI
1078 208 1241 266 AUGUSTI

208 397 291 462 quos
309 379 491 460 resurgeret
512 375 643 440 bellum.
689 375 745 440 sed
766 374 915 440 Tiberine
937 396 997 460 pro
1021 373 1167 440 confecto
1191 374 1386 460 interpreta-

208 470 261 530 tus
288 465 323 530 id
345 485 471 550 quoque
493 462 610 529 Blaeso
633 463 761 545 tribuit,
784 467 821 528 nt
844 464 1066 548 imperatore
1089 462 1274 548 legionibus
1298 464 1386 529 salu-

156 573 190 620 ao
209 558 347 638 teretur,
369 552 476 638 prisco
505 574 583 639 erga
609 552 706 617 duces
733 553 871 636 honore,
894 552 950 637 qui
973 552 1055 616 bene
1079 555 1229 636 gestare
1252 552 1388 637 publica

210 642 329 729 gaudio
357 646 390 706 et
411 643 536 726 impetu
559 641 692 707 victoris
716 642 875 706 exercitus
901 639 1200 723 conclamabantur3
1230 646 1388 726 erantque

209 731 319 816 plures
351 730 448 796 simul
476 731 690 815 imperatores
721 751 782 795 neo
814 750 911 813 snper
938 732 1120 796 ceterorum
1146 730 1388 813 aequalitatem.

209 819 370 886 concessit
387 819 581 904 quibusdam
605 822 638 884 et
656 818 826 905 Augustus
850 817 882 882 id
905 818 1109 899 vocabulum,
1132 838 1170 882 ac
1193 822 1271 883 tunc
1294 818 1389 884 Tibe-

209 909 276 973 rius
300 908 417 973 Blaeso
441 910 650 992 postremum.

156 1000 199 1063 75
299 997 415 1063 Obiere
430 1018 468 1062 eo
483 996 646 1062 annerici
660 996 817 1061 inlustres
832 996 967 1061 Asinius
983 993 1167 1082 Saloninus,
1180 995 1224 1063 M.
1238 995 1389 1082 Agrippa

210 1091 243 1151 et
265 1085 411 1152 Pollione
435 1085 551 1151 Asinio
575 1085 653 1168 avis,
675 1086 777 1150 fratre
800 1084 908 1150 Druso
931 1085 1070 1170 insignis
1094 1083 1289 1172 Caesarique
1312 1107 1388 1169 pro·

209 1195 310 1260 gener
338 1175 532 1257 destinatus,
560 1177 592 1239 et
620 1173 737 1258 Capito
760 1172 893 1257 Ateius,
921 1173 960 1238 de
989 1196 1052 1258 quo
1081 1174 1272 1257 memoravi,
1298 1175 1387 1258 prin·

209 1265 315 1347 cipem
343 1264 377 1328 in
406 1263 537 1328 civitate
567 1263 674 1328 locum
702 1262 819 1328 studiis
847 1262 998 1328 civilibus
1027 1261 1212 1348 adsecutus,
1241 1263 1296 1328 sed
1326 1285 1386 1328 avo

174 1351 397 1417 tuenturione
421 1349 571 1431 Sullano,
595 1354 688 1435 patre
715 1353 889 1437 praetorio.
937 1352 1142 1417 consulatum
1170 1354 1199 1418 ei
1227 1352 1387 1417 adcelera-

208 1444 300 1506 verat
322 1440 507 1526 Angustus,
527 1443 566 1505 ut
593 1439 782 1505 Labeonem
803 1439 982 1505 Antistium
1011 1440 1114 1505 isdem
1143 1441 1268 1506 artibus
1296 1462 1387 1526 prae·

209 1529 379 1595 callentem
406 1529 597 1614 dignatione
625 1530 693 1593 eius
722 1529 933 1614 magistratus
963 1529 1112 1594 anteiret.
1161 1551 1301 1614 nemque
1328 1530 1387 1594 illa

209 1623 299 1683 aetas
319 1618 382 1683 duo
402 1619 492 1702 pacis
512 1617 628 1683 decora
647 1618 743 1682 simul
765 1617 851 1701 tulit,
869 1616 926 1682 sed
944 1616 1054 1683 Labeo
1077 1618 1266 1703 incorrupta
1289 1618 1386 1684 liber·

209 1710 279 1772 tate
301 1711 335 1771 et
357 1707 399 1772 ob
422 1706 456 1771 id
480 1706 567 1774 fama
589 1706 794 1794 celebratior,
813 1703 982 1790 Capitonis
1007 1706 1198 1791 obsequium
1220 1707 1387 1772 dominan-

157 1813 189 1861 1o
209 1795 297 1860 tibus
329 1797 435 1880 magis
467 1794 676 1878 probabatur.
731 1794 793 1876 illi,
826 1794 911 1879 quod
944 1799 1130 1878 praeturam
1163 1795 1251 1859 intra
1283 1796 1385 1879 stetit,

210 1883 448 1949 commendatio
477 1904 516 1947 ex
543 1881 674 1965 iniuria,
702 1882 792 1967 huic,
819 1882 904 1968 quod
928 1884 1134 1949 consulatum
1161 1884 1297 1968 adeptus
1326 1888 1386 1968 est,

210 1973 319 2038 odium
343 1994 382 2037 ex
404 1971 526 2036 invidia
549 1971 722 2036 oriebatur.

156 2063 198 2126 76
297 2060 342 2125 Et
369 2059 465 2125 Iunia
497 2060 722 2145 sexagensimo
756 2062 874 2145 quarto
906 2065 983 2146 post
1009 2060 1249 2145 Philippensem
1284 2063 1386 2126 aciem

210 2170 294 2214 anno
327 2169 514 2232 supremum
546 2147 631 2212 diem
664 2149 819 2233 explevit,
851 2146 974 2214 Catone
1005 2149 1164 2215 avunculo
1192 2150 1318 2234 genita,
1350 2149 1386 2216 C.

210 2235 317 2303 Cassii
344 2258 438 2322 uxor,
465 2236 509 2302 M.
538 2235 631 2302 Bruti
659 2258 761 2304 soror.
808 2240 1041 2303 testamentum
1072 2238 1140 2302 eius
1169 2239 1271 2303 multo
1300 2238 1385 2323 apud

209 2327 342 2412 vulgum
364 2348 494 2392 rumore
516 2325 588 2408 fuit,
611 2325 690 2409 qnia
711 2327 743 2391 in
769 2325 899 2411 magnis
923 2326 1049 2411 opibus,
1074 2346 1147 2391 cum
1169 2326 1271 2393 ferme
1294 2348 1387 2393 cunc·

172 2433 190 2481 s
210 2419 261 2481 tos
280 2437 429 2499 proceres
448 2437 522 2481 cum
539 2414 664 2480 honore
682 2414 930 2499 nominavisset,
949 2413 1121 2480 Gaesarem
1142 2416 1261 2482 omisit.
1299 2418 1384 2501 quod

244 2614 287 2665 21.
302 2608 598 2676 coniectabamus.
613 2607 690 2662 Caes.
702 2609 729 2662 b.
745 2624 767 2661 c.
823 2608 925 2664 beiden
940 2606 1063 2662 Schnlen
1081 2607 1131 2663 der
1145 2607 1319 2678 Sabinianer,
1338 2607 1384 2664 die

205 2685 238 2747 ¹2,
257 2685 305 2747 26,
325 2685 340 2732 1
364 2680 488 2736 emineret
510 2680 645 2734 concitus
662 2678 768 2733 corwlu·
823 2693 880 2733 von
899 2677 999 2749 Atejus
1018 2675 1119 2749 Capito
1137 2680 1307 2750 ausgingeu,
1328 2679 1385 2734 und

207 2752 328 2806 oratione
344 2752 494 2820 imperator
511 2750 676 2819 appellatur.
824 2750 873 2804 der
892 2748 1081 2816 Proculianer‚
1100 2751 1149 2803 der
1164 2748 1316 2821 Anhtnger
1335 2751 1384 2805 des

247 2839 294 2895 75,
323 2844 347 2893 1,
371 2839 524 2895 Salonem
550 2839 590 2893 ige
617 2839 666 2893 (101
692 2836 770 2893 soh„
823 2819 963 2875 Antistim
986 2819 1089 2875 Labeo.
1131 2820 1227 2876 Labeo
1250 2820 1383 2877 Rationa-

206 2911 258 2965 aes
289 2909 404 2964 Asnaus
437 2909 549 2978 carrus,
581 2908 702 2964 welcher
728 2908 768 2962 im
823 2891 886 2974 nst,
919 2891 1017 2960 Capito
1049 2889 1206 2957 Positivietz
1239 2890 1285 2947 die
1317 2893 1383 2947 Pro·

208 2982 234 3034 J,
254 2986 288 3034 33
308 2980 363 3033 den
380 2980 546 3049 Hungefwd
567 2980 659 3034 spirat,
695 2978 769 3034 Mar.
823 2963 948 3018 cuhaner
960 2962 1014 3043 den
1028 2961 1136 3044 alteren
1145 2960 1385 3032 Grundlagendes

207 3066 258 3104 cus
282 3049 409 3119 Agrippa
431 3051 470 3103 iss
492 3049 553 3103 sein
574 3049 770 3104 mattefficher
823 3033 941 3100 Rechts,
965 3033 1011 3087 dre
1032 3031 1199 3087 Sabmianer
1221 3033 1271 3087 der
1293 3048 1384 3087 neuen

208 3119 383 3188 Grossvater,
401 3121 477 3173 donn
495 3118 573 3174 seine
591 3119 697 3175 Mutter
710 3136 769 3174 war
825 3104 1050 3186 Slffilffl‘flllung
1080 3104 1138 3187 und
1164 3102 1384 3186 Besehrbnkung

207 3190 309 3245 dassen
326 3190 450 3245 Tochter
467 3190 617 3259 Vipsania,
641 3206 696 3245 von
720 3191 769 3246 der
823 3175 874 3229 ‘1⁰1
892 3173 1038 3230 flllclvllffl
1057 3173 1080 3227 Ρ
1081 3176 1315 3229 ssvalssul⁰⁰0m10
1337 3193 1384 3229 211·

206 3260 269 3316 sich
279 3259 492 3317 TiberiusimJ.
502 3267 535 3315 11
547 3278 572 3314 v.
583 3260 768 3318 chromate
823 3243 953 3315 deflebit?
972 3245 1007 3300 ⁰f·
1021 3244 1044 3298 Ρ
1045 3261 1157 3328 01¹1P⁰¹¹3
1171 3243 1235 3314 Did·
1250 3246 1297 3314 1²2
1309 3251 1335 3312 2,
1349 3251 1383 3300 47

206 3333 265 3387 und
284 3332 338 3387 mit
351 3333 401 3390 der
414 3348 445 3387 01·
458 3332 513 3387 den
526 3332 634 3387 Drusus
647 3335 768 3402 ΜΨ
822 3317 880 3370 und
903 3313 1024 3371 Teuffels
1048 3314 1217 3371 Gesohrchte
1241 3315 1292 3371 der
1313 3322 1383 3371 rom.

206 3404 295 3460 batte.
333 3403 391 3458 Der
413 3403 575 3459 Groisvater
597 3421 653 3459 von
675 3404 767 3458 vittar-
822 3386 984 3470 niteretur.
1131 3457 1137 3470 ,
1178 3457 1185 3469 ,
1267 3464 1272 3476 ,

206 3474 296 3531 fich„
328 3474 404 3530 gest,
438 3492 497 3532 ,m
534 3476 584 3529 ,101
619 3475 767 3531 beffihmq,
815 3495 819 3500 -
859 3464 883 3513 8.
912 3458 1036 3513 laberinto
1060 3457 1339 3527 ‘Frerhartsgefdhl’,
1363 3476 1383 3514 s.

206 3547 317 3603 Redner
335 3544 448 3601 Asinius
467 3544 567 3602 Pollio.
824 3536 848 3596 1,
867 3535 892 3598 8,
911 3534 937 3583 o.
1189 3598 1195 3612 ι
1298 3601 1304 3614 ⁸
1372 3602 1377 3613 1

243 3641 268 3690 2.
280 3651 422 3707 propones.
446 3636 595 3691 Saloninus
609 3635 692 3691 sollte
706 3631 768 3691 'eine
824 3600 907 3725 3⁷⁶·
926 3606 950 3655 ²·
974 3598 1087 3666 eamr
1110 3598 1234 3653 ”Amhffl
1257 3599 1383 3655 ΗΜΘΝ.

208 3708 331 3762 Tochter
348 3707 398 3761 des
417 3706 599 3762 Germanicus
617 3707 754 3762 heiraten.
822 3668 1385 3808 ἐέἑῐθὲξέῧὴῇἒξέῗῗθῆζὲτῇ

242 3802 268 3852 4.
287 3797 389 3851 Sludiid
406 3796 535 3851 Civilibuss
552 3795 696 3862 bedeuieb,
716 3796 768 3850 Wle
823 3813 873 3867 (101¹
900 3810 1078 3881 Ermordung
1106 3811 1206 3865 casam
1236 3810 1384 3867 tflssmhm·

205 3885 256 3923 aus
293 3869 356 3922 dem
394 3866 557 3936 Folgenden
595 3865 768 3935 ersichtlich,
822 3883 902 3937 1300),
936 3883 1069 3938 ,mmmm
1106 3880 1185 3937 (ΗΘΒ,
1216 3881 1302 3937 Junia
1334 3899 1384 3937 au,

205 3938 414 3993 menrasense.
659 4016 665 4028 ⁶
822 3954 872 4009 aar
895 3954 1012 4009 swarten
1035 3952 1094 4006 aee
1119 3952 1170 4007 cer
1189 3952 1310 4007 servata
1331 3954 1385 4008 ma

243 4022 268 4071 ὁ.
287 4018 468 4072 consulatum.
504 4017 544 4071 Er
561 4016 639 4071 ward
657 4033 696 4070 1111
709 4015 768 4072 Μ
822 4023 922 4078 iunius
955 4023 1075 4078 Silanus.
1125 4021 1183 4078 Der
1214 4024 1384 4080 sonderbare

205 4105 233 4141 n.
271 4086 334 4142 Chr.
371 4086 478 4143 Konsul
515 4086 568 4141 mit
605 4086 634 4141 C.
667 4086 767 4141 Vibius
822 4094 971 4149 Ausdruclr
1000 4094 1100 4150 Catone
1129 4096 1267 4151 umbiculo
1291 4098 1385 4166 penita

207 4157 365 4212 Postumus.
822 4165 958 4221 bedentet
978 4165 1054 4231 also,
1072 4164 1135 4220 daie
1154 4164 1224 4220 Cato
1244 4166 1383 4222 Uticensis

243 4240 269 4289 6.
295 4235 381 4289 isdem
407 4237 524 4291 artibus.
571 4234 628 4291 Der
653 4241 767 4305 pareda·
821 4237 868 4290 ihr
886 4236 986 4291 Oheim
1004 4252 1072 4291 war.
1319 4255 1320 4258 ¹

207 4306 281 4361 liche
315 4305 471 4374 Gegensata
502 4306 641 4362 swischen
672 4305 767 4362 Labeo
857 4312 883 4363 4.
908 4296 985 4362 liber
1012 4306 1067 4362 den
1094 4305 1245 4363 Accusativ
1272 4309 1384 4379 calaum

205 4377 263 4430 nod
278 4373 379 4443 Capito
392 4375 469 4444 legte
484 4375 538 4431 den
553 4376 648 4432 Grnnd
662 4394 695 4431 zu
713 4378 768 4433 den
822 4397 843 4433 s.
861 4397 896 4433 zu
917 4386 939 4448 1,
958 4382 1002 4434 4⁷.
