3092 4834
542 277 651 332 LIBER
668 279 716 334 111.
752 278 830 334 cAP.
848 284 962 335 34-35.
1274 279 1334 344 181

166 440 305 505 vinciam
332 440 429 504 mitti.
475 445 645 524 corruptos
671 461 767 524 saepe
790 441 1007 523 pravitatibus
1031 464 1164 506 uxorum
1189 443 1337 508 meritos:

167 550 245 592 num
269 549 346 612 ergo
371 529 476 593 omnis
496 529 635 593 caelibes
657 528 824 613 integros?
857 529 1017 611 placuisse
1036 530 1197 613 quondam
1217 529 1337 615 Oppias
1357 548 1389 595 15

167 617 269 701 leges,
302 618 348 681 sic
380 617 581 700 temporibus
618 618 666 681 rei
697 618 847 700 publicae
879 619 1135 702 postulantibus3
1167 620 1337 684 remissum

168 705 293 789 aliquid
311 709 426 789 postea
449 711 482 769 et
503 706 699 790 mitigatum,
723 708 798 789 quia
822 706 1005 789 expedierit.
1047 706 1169 771 frustra
1192 710 1337 772 nostram

168 794 333 878 ignaviam
357 795 423 858 alia
446 794 486 858 ad
509 795 666 859 vocabula
688 795 873 877 transferri,
895 817 971 859 nam
994 794 1056 859 viri
1080 794 1115 858 in
1139 816 1176 859 eo
1200 795 1338 879 culpam,

168 882 196 946 si
219 882 342 946 femina
365 883 498 947 modum
522 882 660 947 excedat.
706 904 804 965 porro
828 884 869 948 ob
893 884 989 947 unius
1013 888 1070 948 aut
1094 882 1227 948 alterius
1251 883 1338 947 inbe-

167 970 279 1035 cillum
303 972 446 1035 animum
465 972 550 1035 male
569 972 650 1055 eripi
670 970 797 1035 maritis
816 972 979 1036 consortia
999 994 1106 1036 rerum
1126 971 1337 1036 secundarum
1357 988 1390 1037 20

167 1058 447 1143 adversarumque.
480 1060 575 1124 simul
592 1081 702 1123 sexum
721 1063 840 1125 natura
853 1060 1031 1125 invalidum
1047 1059 1151 1125 deseri
1170 1065 1203 1125 et
1221 1062 1338 1143 exponi

167 1169 225 1212 suo
253 1149 346 1231 luxu,
370 1147 572 1231 cupidinibus
601 1148 723 1212 alienis.
769 1149 823 1212 vix
845 1147 1010 1232 praesenti
1037 1148 1185 1214 custodia
1208 1170 1337 1212 manere

165 1236 289 1300 inlaesa
321 1236 484 1320 coniugia:
517 1235 593 1319 quid
625 1236 708 1317 tore,
736 1236 764 1299 si
793 1258 850 1319 per
878 1238 985 1321 plures
1014 1259 1116 1301 annos
1144 1237 1177 1301 in
1207 1236 1336 1302 modum

165 1324 293 1389 discidii
312 1324 562 1389 oblitterentur?
591 1326 637 1389 sic
656 1325 786 1390 obviam
804 1326 890 1389 irent
910 1326 960 1408 iis,
978 1347 1061 1409 quae
1076 1325 1153 1390 alibi
1167 1346 1337 1409 peccaren-

164 1414 231 1495 tur,
254 1418 291 1477 ut
319 1412 518 1498 flagitiorum
543 1413 632 1476 urbis
656 1413 889 1478 meminissent.
936 1413 1060 1478 addidit
1087 1434 1190 1497 pauca
1212 1413 1338 1478 Drusus
1357 1429 1391 1476 25

165 1501 203 1564 de
227 1502 436 1566 matrimonio
461 1523 534 1585 su03
563 1523 641 1564 nam
663 1502 864 1583 principibus
889 1501 1033 1566 adeunda
1060 1501 1187 1584 saepius
1211 1502 1338 1585 longin-

166 1610 229 1672 qua
253 1590 390 1673 imperii.
436 1589 586 1672 quotiens
610 1590 721 1653 divum
745 1591 933 1673 Augustum
961 1591 994 1653 in
1018 1591 1216 1655 occidentem
1243 1594 1339 1675 atquc

167 1678 324 1742 orientem
348 1677 506 1742 meavisse
530 1678 648 1742 comite
666 1677 773 1743 Livia!
812 1699 846 1741 se
871 1699 997 1762 quoque
1020 1678 1053 1741 in
1077 1677 1244 1762 Illyricum
1267 1700 1340 1760 pro-

164 1765 284 1829 tectum
303 1771 345 1849 et,
364 1767 394 1829 si
411 1766 458 1829 ita
477 1766 644 1848 conducat,
664 1766 743 1830 alias
763 1766 804 1830 ad
823 1770 937 1851 gentes
956 1766 1086 1850 iturum,
1103 1766 1191 1830 haud
1211 1787 1338 1850 semper

166 1874 268 1937 aequo
288 1854 406 1937 animo,
430 1854 457 1918 si
480 1855 521 1918 ab
541 1876 639 1919 uxore
659 1855 828 1919 carissima
851 1858 956 1920 et'tot
977 1855 1198 1920 communium
1220 1855 1336 1919 libero·
1356 1870 1391 1918 30

164 1964 236 2005 rum
261 1945 394 2024 parente
417 1942 632 2007 divelleretur.
679 1944 725 2008 sic
749 1940 907 2008 Caecinae
932 1944 1094 2008 sententia
1117 1944 1208 2008 elusa
1231 1947 1291 2008 est.

253 2030 404 2094 Proximo
421 2036 551 2094 senatus
566 2028 617 2094 die
632 2031 781 2095 Tiberius
796 2052 853 2114 per
867 2033 1004 2117 litteras,
1017 2033 1186 2117 castigatis
1206 2032 1336 2115 oblique
1347 2030 1389 2095 35

165 2119 314 2201 patribus
339 2119 423 2202 quod
448 2122 562 2182 cuneta
585 2139 733 2183 curarum
757 2120 798 2182 ed
821 2121 997 2203 principem
1021 2122 1186 2205 reicerent,
1209 2120 1259 2184 Μ’.
1277 2120 1335 2184 Le-

164 2207 275 2290 pidum
308 2212 340 2270 et
371 2206 499 2271 Iunium
527 2205 678 2270 Blaesum
711 2208 905 2292 nominavit,
937 2231 976 2273 ex
1009 2210 1081 2292 quis
1113 2232 1174 2294 pro
1207 2210 1337 2274 consule

164 2295 296 2360 Africae
314 2296 486 2380 legeretur.
527 2298 596 2358 tum
620 2294 731 2359 audita
753 2296 921 2360 amborum
941 2297 1048 2379 verba,
1066 2298 1222 2362 intentius
1246 2319 1337 2362 exou-

165 2389 257 2447 sante
285 2406 319 2447 se
342 2383 482 2467 Lepido,
506 2405 579 2447 cum
600 2384 819 2448 valetudinem
843 2385 999 2469 eorporis,
1022 2389 1161 2449 aetatem
1189 2385 1337 2467 liberum,
1374 2402 1389 2447 5

163 2472 307 2536 nubilem
325 2472 428 2535 filiam
443 2473 643 2554 obtenderet,
659 2473 967 2557 intellegereturque
987 2474 1085 2537 etiam
1105 2472 1191 2557 quod
1210 2473 1337 2553 silebat,

165 2561 358 2626 avunculum
378 2582 448 2624 esse
468 2558 577 2625 Seiani
591 2560 745 2625 Blaesum
766 2565 861 2644 atque
881 2582 918 2626 eo
937 2561 1168 2643 praevalidum.
1205 2583 1337 2644 respon·

165 2649 213 2713 dit
236 2649 373 2715 Blaesus
398 2650 503 2733 specie
527 2650 719 2733 recusantis,
743 2649 799 2713 sed
824 2670 927 2733 neque
951 2650 1063 2714 eadem
1087 2650 1338 2732 adseveratione,

165 2742 198 2800 et
221 2759 379 2803 consensu
404 2737 605 2801 adulantium
629 2737 718 2801 haud
741 2739 897 2802 diustius
920 2743 979 2804 est.

200 2949 241 2998 18.
265 2945 324 2999 alia
352 2946 390 3000 ad
416 2946 548 3000 uocabula
576 2947 725 3013 transferri
773 2962 882 3015 porum.
924 2946 988 3017 Vgl.
1013 2946 1069 3001 Cic.
1098 2947 1133 3001 de
1160 2946 1216 3000 inv.
1245 2951 1335 3011 2§.3

163 3015 267 3071 ‘werde
290 3016 320 3069 in
339 3017 401 3071 eine
419 3015 522 3070 andere
541 3016 649 3071 Rubrilr
667 3034 723 3072 von
778 3019 858 3072 allud
875 3020 1014 3085 commodi,
1033 3018 1114 3072 Tusc.
1130 3023 1146 3071 5
1162 3022 1185 3081 ξ.
1201 3021 1235 3071 38
1254 3018 1334 3072 aliud

161 3085 269 3141 Numen
278 3088 422 3157 gelegtzu
430 3086 723 3142 einerandernKlasse
773 3090 933 3158 praecipui,
956 3090 1015 3145 Liv.
1035 3095 1078 3157 31,
1097 3095 1131 3142 45
1152 3089 1336 3144 Macedonum

161 3174 217 3212 von
235 3157 367 3212 Wortern
385 3159 500 3225 gethan.
777 3161 834 3226 fere
852 3161 977 3214 omuibus
995 3161 1052 3214 und
1072 3178 1093 3216 s,
1114 3177 1156 3228 cp.
1173 3164 1215 3212 39.

198 3233 240 3282 20.
260 3230 330 3284 male
348 3228 521 3284 adverbium
540 3230 589 3284 des
608 3227 721 3298 Urteils,
811 3235 837 3284 3.
875 3231 992 3286 Blaesus
1023 3247 1082 3284 war
1113 3231 1207 3284 frfiher
1234 3227 1336 3284 Consul

162 3297 197 3353 ct.
217 3306 242 3366 1,
258 3305 299 3366 18,
315 3304 339 3354 9.
777 3300 922 3367 suffectus,
954 3301 1110 3356 Prokonsul
1137 3318 1193 3355 von
1221 3299 1336 3354 Sicilien

197 3374 239 3423 23.
255 3371 363 3439 plures,
382 3388 404 3425 s.
423 3376 449 3438 4,
469 3377 510 3425 16.
775 3371 832 3425 und
850 3372 888 3425 im
913 3371 939 3427 J.
960 3378 993 3425 14
1013 3372 1103 3441 Legat
1125 3372 1155 3425 in
1173 3369 1336 3425 Pannonian

198 3443 240 3494 28.
276 3439 356 3494 Nach
387 3440 501 3509 lllyrien
530 3457 588 3495 wer
614 3440 720 3495 Drusus
775 3458 913 3511 gewesen.
1071 3434 1081 3451 ⁶

162 3509 280 3565 dreimal
311 3510 445 3581 gesandt,
476 3511 506 3564 in
537 3512 590 3566 den
614 3511 721 3565 Jahren
812 3518 836 3569 ’1,
851 3512 978 3577 Seianus,
992 3511 1193 3568 Befehlshaber
1206 3513 1256 3566 der
1269 3509 1335 3565 Pra-

163 3586 205 3648 14,
226 3586 259 3635 17
277 3582 334 3634 und
353 3586 396 3635 20.
775 3583 907 3650 torianer,
926 3582 1004 3638 hatte
1024 3583 1110 3638 schon
1130 3582 1183 3637 seit
1201 3582 1265 3637 dem
1282 3583 1334 3636 Re-

198 3657 240 3706 30.
261 3657 307 3707 tot.
330 3650 368 3705 Er
382 3651 592 3706 hattenurdrei
603 3650 720 3705 Kinderr
776 3652 1010 3721 gierungsantritt
1026 3655 1075 3708 des
1090 3654 1202 3709 Kaisers
1222 3652 1335 3722 grossen

163 3721 304 3789 Tiberius,
339 3722 520 3777 Germanicus
547 3722 604 3776 und
629 3722 721 3790 Julia3
775 3724 902 3779 Einfluls.
921 3723 1034 3779 Tacitus
1049 3724 1334 3780 charalvterisiertihn

160 3792 228 3848 aber
250 3792 281 3847 in
305 3794 476 3848 vornehmen
500 3793 636 3847 Familien
664 3810 721 3848 war
775 3799 846 3862 4,1.

161 3863 221 3919 dies
253 3863 357 3933 selten,
390 3863 427 3917 da
454 3864 499 3918 die
526 3862 722 3932 Ehelosigkeit
812 3869 837 3920 0.
860 3866 937 3921 baud
963 3868 1014 3922 diu
1035 3867 1105 3922 ottus
1133 3873 1171 3921 est
1191 3866 1253 3920 ‘das
1277 3865 1334 3921 ein·

159 3935 364 3991 vorherrschte.
775 3936 882 4006 hellige
896 3936 1057 4007 Verlangen
1076 3938 1125 3992 der
1144 3936 1335 3992 Schmeichler

197 4012 239 4060 31.
259 4008 336 4061 elusa
356 4006 493 4074 ‘pariert’.
775 4007 839 4062 liele
862 4025 893 4061 ee
920 4008 980 4062 ihm
1002 4009 1082 4062 nicht
1104 4007 1188 4078 lange
1216 4008 1266 4062 zu’
1296 4025 1332 4063 sc.

196 4076 245 4132 35.
261 4082 284 4129 1.
298 4093 348 4147 per
361 4079 473 4133 litteras.
492 4077 558 4147 Vgl.
572 4095 614 4146 cp.
626 4082 659 4130 32
674 4093 720 4131 am
774 4081 887 4148 spectem
919 4080 1072 4134 recusaretis
1098 4095 1170 4147 prae
1204 4096 1232 4134 se
1262 4081 1334 4146 ferre

161 4146 248 4202 Eride.
267 4179 303 4188 —
322 4149 429 4217 oblique
450 4149 481 4202 in
504 4149 611 4203 diesem
635 4147 720 4202 Sinne
774 4151 832 4219 (die
850 4148 1036 4204 Hendschrift
1053 4151 1129 4204 baud
1151 4151 1241 4205 tuctus
1263 4151 1333 4220 est.);

161 4217 241 4271 nicht
258 4235 309 4273 vor
326 4218 448 4274 Tacitus.
774 4221 809 4275 cf.
834 4219 890 4275 (lic.
915 4236 966 4288 pro
985 4219 1057 4274 Sest.
1081 4223 1128 4286 44,
1149 4224 1182 4274 95
1205 4237 1334 4276 accusare

198 4293 222 4341 2.
238 4295 337 4344 cuncta
351 4306 482 4345 curarum
494 4289 656 4359 Ausartung
671 4289 720 4342 des
774 4307 834 4344 eum
856 4292 1006 4358 moderate,
1033 4307 1051 4343 a
1073 4308 1125 4360 quo
1148 4294 1206 4360 ipse
1228 4292 1334 4356 uefare'e

162 4358 231 4412 Gen.
249 4360 413 4428 partitivus,
432 4363 485 4414 wie
505 4366 547 4428 13,
568 4366 601 4414 60
621 4365 721 4415 euucta
774 4367 930 4426 accusatur,
947 4377 998 4429 per
1016 4367 1127 4415 serratus
1145 4362 1333 4414 auctoritatem

160 4429 301 4497 scelerum,
324 4430 389 4487 hist.
414 4436 443 4498 ὁ,
469 4436 502 4484 10
526 4435 626 4486 curete
650 4447 720 4484 eum·
774 4446 831 4484 aare
850 4436 887 4483 est
905 4432 988 4497 situs,
1010 4430 1116 4486 Colum.
1137 4448 1157 4485 r.
1177 4448 1198 4484 r.
1219 4435 1243 4496 6,
1258 4433 1331 4493 37,9
