3092 4834
195 195 254 303 '16'
344 239 375 293 Ρ.
395 237 566 295 CORNELII
583 236 705 295 ΤΑΟΙΤΙ
722 238 771 317 AB
790 236 952 293 Excussa
969 238 1048 294 DIVI
1066 237 1226 295 AUGUSTI

154 428 180 467 rr
195 424 257 486 qne
285 402 393 467 densis
422 401 653 467 Germanorum
680 402 817 467 catervis
844 402 931 468 leves
958 401 1120 488 cohortes,
1153 423 1226 468 eum
1256 401 1377 468 Caesar

194 491 346 556 advectus
375 491 414 555 ad
445 491 678 556 vicensimanos
708 512 786 555 voce
815 513 933 577 magna
958 489 1022 556 hoe
1052 490 1135 557 illud
1163 495 1290 575 tempus
1319 493 1376 556 ob

194 579 369 645 liberandae
393 579 561 645 seditionis
584 578 783 645 clamitabat:
810 584 990 665 pergerent,
1013 583 1223 665 properarent
1246 580 1378 665 culpam

193 670 228 733 in
256 668 351 733 decus
378 672 511 733 vertere.
560 689 706 733 exarsere
734 669 849 734 animis
876 690 1006 753 unoque
1032 671 1156 754 impetu
1183 673 1374 754 perruptum

193 757 320 822 hostem
349 757 501 842 redigumt
529 758 564 822 in
593 762 704 842 aperta
733 757 947 842 caeduntque,
984 758 1081 824 simul
1109 758 1206 844 primi
1235 759 1378 844 agminis

152 870 180 909 ao
193 846 306 931 copiae
329 866 457 912 evasere
476 846 574 911 silvas
594 849 762 930 castraque
781 847 1027 913 communivere.
1055 848 1201 932 quietum
1219 847 1295 912 inde
1312 849 1378 912 iter

193 934 359 1019 fidensque
377 935 560 1000 recentibus
579 956 616 1001 ac
633 934 778 1020 priorum
792 934 914 1001 oblitus
928 935 1020 1002 miles
1034 935 1069 1000 in
1081 935 1226 1001 hibernis
1239 936 1378 1002 locatur

148 1023 193 1088 52
282 1023 442 1090 Nuntiata
465 1047 503 1088 ea
525 1023 690 1089 Tiberium
713 1024 838 1089 laetitia
860 1046 999 1109 curaque
1022 1024 1180 1091 adiecere:
1212 1024 1375 1111 gaudebat

194 1135 380 1199 oppressam
402 1113 602 1198 seditionem,
625 1113 680 1178 sed
704 1114 792 1198 quod
814 1112 989 1199 largiendis
1007 1115 1153 1198 pecuniis
1171 1118 1204 1179 et
1222 1114 1378 1179 missione

193 1202 346 1268 festinata
367 1202 510 1267 favorem
533 1201 674 1268 militum
697 1202 923 1287 quaesivisset,
950 1202 1066 1268 bellica
1094 1224 1222 1288 quoque
1246 1201 1374 1268 Germa-

192 1291 259 1356 nioi
291 1290 395 1376 gloria
427 1290 614 1376 angebatur.
659 1290 787 1356 rettulit
817 1296 925 1357 tamen
957 1292 998 1356 ad
1031 1296 1178 1358 senatum
1208 1292 1247 1356 de
1276 1292 1377 1356 rebus

166 1380 295 1465 egestis
322 1379 488 1464 multaque
516 1380 555 1444 de
582 1379 703 1445 virtute
730 1382 799 1445 eius
822 1381 1025 1464 memoravit,
1051 1381 1155 1467 magis
1178 1381 1375 1466 inspeciem

194 1468 301 1534 verbis
324 1469 478 1534 adornata
501 1491 597 1553 quam
619 1473 657 1533 ut
680 1470 811 1554 penitus
839 1470 958 1534 sentire
981 1470 1171 1535 crederetur.
1216 1471 1375 1554 pauciori·

191 1557 254 1622 bus
276 1557 419 1639 Drusum
446 1562 479 1622 et
501 1559 598 1623 finem
620 1557 743 1642 lllyrici
767 1561 874 1623 motus
897 1557 1056 1643 laudavit,
1084 1560 1141 1624 sed
1163 1560 1320 1626 intentior
1342 1563 1378 1635 et

192 1645 258 1711 lida
279 1649 433 1712 oratione.
479 1650 659 1731 cunctaque
682 1669 764 1732 quae
788 1645 996 1713 Germanicus
1020 1648 1210 1733 indulserat,
1235 1649 1378 1713 serravit

195 1734 293 1803 etiam
315 1737 400 1821 apud
422 1735 625 1801 Pannonicos
648 1736 815 1800 exercitus.

147 1823 191 1887 53
281 1824 405 1890 Eodem
428 1845 512 1888 anno
535 1822 618 1889 Iulia
641 1846 826 1910 supremum
849 1825 934 1902 diem
957 1824 1051 1910 obiit,
1075 1825 1116 1889 ob
1140 1826 1373 1910 impudicitiam

196 1912 275 1979 olim
307 1935 326 1977 a
357 1917 448 1997 patre
475 1910 626 1998 Augusto
653 1913 847 1979 Pandateria
873 1913 992 1998 insula,
1023 1936 1099 1979 mox
1131 1915 1250 2000 oppido
1277 1914 1374 2001 Regi-

191 2022 321 2084 norum,
344 2003 401 2086 qui
424 2001 569 2068 Siculum
591 2003 710 2067 fretum
733 2003 895 2083 accolunt,
919 2001 1035 2068 clausa
1080 2003 1186 2068 hietat
1207 2002 1242 2066 in
1264 2002 1375 2068 matri·

192 2091 302 2156 monio
321 2089 444 2155 Tiberii
460 2090 650 2156 florentibus
670 2090 749 2156 Gaio
768 2095 801 2156 et
818 2092 920 2157 Lucio
936 2091 1126 2157 Caesaribus
1145 2095 1375 2177 spreveratque

165 2183 230 2244 rut
256 2180 416 2266 inparem,
451 2200 511 2244 nee
539 2180 603 2245 alia
629 2184 696 2246 tam
724 2181 839 2246 intima
862 2180 992 2245 Tiberio
1021 2203 1117 2248 causa
1140 2203 1197 2247 cur
1219 2180 1373 2246 Rhodum

192 2267 387 2335 abscederet.
432 2270 603 2353 imperium
644 2269 780 2354 adeptus
822 2273 996 2356 extorrem,
1037 2270 1190 2337 infamem
1231 2274 1264 2334 et
1299 2284 1374 2355 post

192 2357 398 2424 interfectum
425 2357 617 2424 Postumum
644 2357 826 2444 Agrippam
858 2360 963 2425 omnis
997 2362 1066 2444 spei
1098 2381 1232 2444 egenam
1264 2360 1377 2444 inopia

194 2468 232 2512 ac
248 2447 324 2512 tabe
342 2447 440 2533 longa
457 2449 603 2532 peremit,
623 2448 794 2513 obscuram
811 2448 881 2512 fore
898 2470 1010 2513 necem
1028 2448 1268 2533 longinquitate
1282 2447 1374 2512 exilii

193 2538 291 2601 ratus.
346 2559 404 2621 par
441 2557 537 2601 causa
573 2536 724 2602 saevitiae
761 2539 796 2601 in
829 2534 1055 2621 Sempronium
1087 2536 1278 2620 Gracchum,
1317 2537 1375 2620 qui

153 2650 179 2689 ιο
192 2624 317 2689 familia
351 2624 469 2709 nobili,
511 2624 624 2692 sollers
661 2626 792 2711 ingenio
830 2629 863 2690 et
898 2647 995 2710 prave
1031 2625 1202 2708 facundus,
1239 2625 1373 2691 eandem

190 2711 307 2779 Iuliam
338 2714 374 2780 in
403 2714 608 2780 matrimonio
639 2714 742 2779 Marci
773 2712 939 2801 Agrippae
975 2718 1193 2781 temeraverat.
1251 2734 1312 2779 neo
1343 2713 1374 2777 is

191 2802 320 2866 libidini
353 2803 443 2867 finis:
479 2803 633 2868 traditam
664 2802 795 2868 Tiberio
827 2803 980 2889 pervicax
1012 2803 1138 2868 adulter
1169 2802 1375 2869 contumacia

192 2895 225 2954 et
252 2890 335 2956 odiis
363 2892 397 2955 in
424 2892 578 2956 maritum
607 2892 814 2977 accendebat,
845 2892 1038 2977 litteraeque
1066 2915 1146 2977 quas
1173 2890 1258 2957 Iulia
1285 2887 1373 2977 patri

192 3071 218 3133 2,
229 3071 262 3119 17
281 3065 340 3119 und
358 3065 445 3121 sehon
463 3065 510 3121 bei
525 3066 631 3121 Sallust
647 3067 713 3123 bist.
728 3067 762 3121 fr.
836 3072 861 3122 3.
880 3067 937 3122 Der
955 3067 1056 3123 Zusatz
1074 3070 1164 3137 qui-
1175 3069 1301 3124 accolunt
1319 3067 1374 3122 soll

191 3136 246 3190 ine.
270 3141 304 3190 30
327 3135 388 3204 Kr.;
416 3137 490 3191 efter
515 3137 672 3207 gebraucht
696 3138 762 3193 Tae.
800 3138 847 3192 die
858 3138 942 3192 Stadt
954 3155 1009 3192 von
1023 3138 1144 3208 Regium
1157 3138 1375 3194 inOberitalien

193 3224 224 3262 so
243 3209 393 3264 incarcere.
770 3228 773 3232 ·
799 3209 1024 3264 unterscheiden.

229 3285 270 3333 16.
289 3280 339 3335 boc
355 3279 428 3334 illud
445 3287 558 3348 wmptca,
577 3298 612 3333 zu
631 3297 654 3335 c.
674 3286 718 3349 42,
737 3287 762 3335 5.
836 3286 860 3334 4.
901 3281 1016 3347 Tiberii,
1041 3280 1097 3335 seit
1120 3286 1153 3335 12
1176 3299 1202 3335 v.
1226 3280 1289 3335 chr.
1326 3281 1375 3334 lbr

228 3355 271 3404 20.
300 3367 405 3406 masere
431 3351 517 3406 selvas
545 3351 596 3406 wie
620 3357 713 3421 3,14;
737 3359 762 3419 a,
801 3351 876 3407 Sohn
899 3350 987 3406 Gaius
1010 3351 1088 3406 starb
1110 3351 1151 3405 im
1168 3352 1193 3406 J.
1212 3357 1243 3420 4,
1268 3352 1372 3407 Lucina

192 3427 240 3489 1ος
258 3421 326 3492 Agr.
345 3427 388 3475 38.
407 3427 451 3475 44.
479 3420 515 3475 So
534 3422 619 3477 sehon
639 3424 763 3480 eacedm
800 3429 863 3477 2n.
881 3420 944 3476 chr.

191 3493 250 3547 und
267 3492 359 3564 egredi
376 3492 423 3547 bei
440 3492 544 3548 Livius.
837 3500 862 3548 t.
899 3495 1025 3562 inparem
1054 3493 1149 3547 ‘nieht
1177 3494 1373 3564 ebenbdrtig’,

227 3563 276 3619 52.
296 3570 321 3619 2.
340 3551 417 3619 Uber
433 3564 479 3619 die
493 3563 697 3620 Koordination
713 3566 763 3620 des
800 3565 866 3619 hist.
885 3570 910 3630 a,
930 3570 964 3619 50
988 3572 1144 3620 maranum
1168 3583 1253 3637 genua
1278 3568 1373 3634 inpar.

190 3634 381 3690 Nebensataes
410 3637 492 3705 (quod
519 3668 553 3677 -
579 3638 763 3708 acuatacuat)
800 3668 834 3677 -
853 3637 954 3692 intima
974 3636 1058 3691 ‘nec
1188 3664 1190 3667 <

190 3706 246 3762 mit
265 3706 426 3778 folgendem
449 3706 544 3762 Ablat.
564 3724 667 3763 causae
687 3728 709 3763 s.
728 3726 763 3761 zu
836 3713 863 3831 (ἒ
893 3696 969 3830 {lber
990 3714 1016 3762 et
1038 3706 1081 3761 ala
1104 3707 1204 3763 drittes
1228 3706 1372 3777 Satrglied

191 3783 277 3832 aba.
573 3801 575 3806 ·
799 3797 821 3833 s.
864 3778 1010 3845 in.§ol.

228 3853 252 3902 3.
289 3848 347 3904 Das
371 3848 491 3919 Subjekt
512 3866 566 3904 ron
590 3851 763 3920 quamioiaact
837 3854 861 3903 ⁷.
888 3851 1053 3921 Aprsppcm,
1072 3868 1093 3904 s.
1113 3866 1136 3903 o.
1157 3855 1182 3903 6.

191 3919 229 3972 ist
238 3920 377 3990 Tiberius,
390 3919 422 3975 in
435 3921 537 3976 dessen
550 3921 661 3975 Namen
670 3920 762 3975 Germ.
835 3926 860 3974 8.
907 3922 1049 3976 abactorum
1088 3922 1147 3988 fore
1189 3920 1374 3975 ‘unbemerlrt

191 3990 347 4060 gebandelt
363 3991 422 4048 hat.
799 3991 912 4052 bleiben
921 3993 1035 4047 werde'.
1050 4023 1084 4033 -
1100 3993 1306 4063 longinquitate,
1318 3991 1376 4048 seit

229 4066 253 4115 7.
303 4063 434 4118 intentior
480 4061 763 4134 ‘angelegentlieben
802 4068 835 4117 15
849 4062 962 4118 Jahren.

190 4134 331 4187 warmer'.
462 4181 465 4185 ,
485 4167 488 4175 -
837 4138 862 4188 9.
876 4134 974 4189 Dieser
983 4133 1126 4189 Gracchus
1140 4133 1179 4189 ist
1191 4133 1375 4204 sonstwenig

228 4208 252 4257 9.
272 4206 406 4260 erarius
419 4207 490 4259 atatt
504 4206 628 4277 legiones,
646 4204 720 4259 often
733 4203 764 4259 in
800 4205 934 4260 bekannt.

191 4275 248 4327 den
266 4274 339 4331 Hist.
358 4276 417 4329 und
437 4278 519 4343 Anu,
539 4277 611 4331 auch
629 4277 694 4346 Agr.
716 4280 740 4331 ὅ.
838 4283 879 4331 12.
894 4279 1067 4333 conwmaeia
1080 4283 1105 4332 ct
1118 4278 1197 4331 odiis.
1212 4275 1374 4330 Bebannter

228 4344 278 4402 53.
307 4352 332 4401 2.
355 4343 544 4415 Pauddtdrs'a,
567 4347 607 4400 im
626 4346 694 4402 Golf
709 4363 763 4401 von
800 4346 864 4402 Abl.
892 4346 1015 4403 causalia
1049 4348 1116 4402 oder
1148 4346 1374 4401 instrumentalis

191 4416 311 4487 Neapel,
330 4417 392 4472 eine
411 4418 462 4472 der
478 4417 674 4472 Pourainseln.
800 4419 873 4472 nach
888 4418 938 4472 der
951 4418 1091 4488 Analogia
1105 4435 1160 4472 von
1169 4418 1277 4487 proelio
1290 4419 1373 4489 lacon
