3092 4834
206 264 252 328 44
359 263 388 317 P.
409 262 578 317 CORNELII
596 261 718 323 TAOITI
736 262 784 316 AB
803 261 964 316 Excusso
981 261 1060 316 DIVI
1077 260 1238 316 AUGUSTI

206 448 311 510 neque
339 427 418 491 satis
446 430 637 511 conpertum
664 429 725 508 est,
754 425 931 510 spirantem
959 425 1064 491 adhuc
1086 424 1272 510 Augustum
1299 424 1387 509 apud

207 514 321 580 urbem
348 514 466 581 Nolam
494 536 536 579 an
563 515 743 579 exanimem
770 515 958 600 reppererit.
1010 514 1138 580 acribus
1165 534 1306 596 namque
1334 534 1386 577 cu·

209 604 324 668 stodiis
343 604 475 669 domum
494 606 527 668 et
545 604 614 668 rias
633 607 798 688 saepserat
815 603 916 687 Liria,
939 603 1080 687 laetique
1098 602 1261 666 interdum
1278 602 1387 666 nuntii

170 720 195 760 rs
211 692 435 779 vulgabantur,
459 693 560 758 donec
582 692 722 778 provisis
746 714 828 776 quae
847 696 975 778 tempus
993 692 1147 757 monebat
1165 690 1263 756 simul
1281 712 1385 756 exces-

210 782 289 848 sisse
312 781 497 869 Augustum
521 785 553 846 et
575 803 682 846 rerum
706 781 807 865 potiri
829 780 993 846 Neronem
1015 781 1102 845 fama
1125 781 1236 844 eadem
1258 779 1345 844 tulit.

175 871 195 935 6
299 869 445 936 Primum
472 871 596 936 facinus
622 871 700 934 nori
728 871 929 955 principatus
957 870 1020 934 fuit
1047 869 1196 936 Postumi
1218 868 1385 954 Agrippae

211 959 336 1044 caedes,
366 981 462 1045 quem
493 960 642 1045 ignarum
669 958 894 1043 inermumque
922 960 1068 1042 quamvis
1101 959 1247 1023 firmatus
1277 959 1386 1021 animo

209 1048 354 1113 centurio
378 1069 472 1133 aegre
495 1048 643 1113 confecit.
670 1047 754 1113 nihil
777 1048 816 1111 de
839 1069 877 1112 ea
899 1069 935 1111 re
957 1047 1105 1113 Tiberius
1129 1047 1214 1131 apud
1238 1050 1385 1111 senatum

210 1137 374 1223 disseruit3
396 1138 499 1222 patris
522 1138 609 1203 iussa
632 1136 815 1221 simulabat,
838 1136 956 1221 quibus
976 1136 1235 1221 praescripsisset
1254 1135 1385 1199 tribuno

182 1226 372 1295 scustodiae
404 1226 567 1311 adposito,
598 1248 639 1290 ne
666 1231 872 1292 cunctaretur
899 1225 1079 1311 Agrippam
1106 1229 1211 1299 morte
1239 1224 1385 1307 adficere,

209 1314 403 1400 quandoque
425 1316 495 1400 ipse
518 1337 704 1401 supremum
728 1315 813 1387 diem
836 1315 1037 1399 explevisset.
1067 1313 1173 1378 multa
1196 1314 1265 1379 sine
1283 1312 1383 1376 dubio

209 1425 366 1488 saevaque
383 1403 552 1491 Augustus
576 1405 615 1468 de
634 1404 778 1469 moribus
797 1404 1010 1468 adulescentis
1030 1406 1171 1487 questus,
1194 1406 1232 1467 ut
1250 1401 1384 1466 exilium

209 1494 277 1559 eius
301 1498 430 1559 senatus
453 1493 602 1558 consulto
626 1494 812 1576 sanciretur,
834 1491 1020 1577 perfecerat,
1044 1497 1185 1557 ceterum
1207 1492 1243 1554 in
1259 1490 1382 1555 nullius

209 1605 364 1666 umquam
387 1604 518 1648 suorum
540 1603 652 1645 necem
675 1581 812 1663 duravit,
834 1603 939 1665 neque
959 1584 1100 1645 mortem
1122 1580 1235 1665 nepoti
1258 1601 1319 1664 pro
1339 1601 1385 1645 se-

169 1699 196 1739 1o
210 1671 346 1735 curitate
369 1672 511 1756 privigni
533 1670 667 1735 inlatam
691 1669 843 1734 credibile
866 1674 943 1736 erat.
966 1671 1100 1755 propius
1123 1691 1200 1734 vero
1219 1669 1387 1734 Tiberium

211 1782 248 1824 ac
270 1759 405 1842 Liviam,
427 1759 520 1823 illum
544 1762 642 1843 metu,
664 1759 748 1824 hanc
769 1758 994 1825 novercalibus
1014 1759 1106 1844 odiis,
1130 1759 1271 1842 suspecti
1290 1761 1322 1822 et
1341 1758 1388 1820 in-

210 1849 272 1913 visi
295 1849 420 1914 iuvenis
443 1847 571 1912 caedem
595 1847 807 1913 festinarisse.
851 1849 1016 1912 nuntianti
1040 1847 1234 1932 centurioni,
1257 1850 1294 1911 ut
1316 1868 1387 1910 mos

167 1936 174 1947 “
210 1936 356 2013 militiae,
378 1937 501 2001 factum
525 1958 594 2002 esse
617 1937 704 2020 quod
727 1938 925 2021 imperasset,
947 1959 1052 2021 neque
1075 1939 1249 2022 imperasse
1268 1957 1336 1999 sese
1355 1939 1388 1997 et

211 2025 371 2089 rationem
393 2026 472 2089 facti
496 2025 689 2090 reddendam
713 2026 799 2109 apud
823 2029 969 2090 senatum
991 2027 1166 2110 respondit.
1195 2024 1281 2109 quod
1299 2028 1389 2108 post

172 2141 197 2183 ιε
212 2136 309 2199 qnam
334 2112 506 2181 Sallustius
531 2112 663 2199 Crispus
687 2115 849 2199 particeps
873 2120 1069 2181 secretorum
1093 2113 1135 2202 (is
1158 2114 1198 2178 ad
1220 2114 1387 2177 tribunum

211 2202 344 2268 miserat
363 2201 542 2290 codicillos)
567 2205 733 2288 comperit,
756 2208 901 2270 metuens
924 2226 966 2268 ne
983 2226 1057 2270 reus
1076 2203 1275 2287 subderetur,
1298 2201 1389 2267 iuxta

212 2292 394 2376 periculoso
422 2294 499 2357 ficta
527 2314 584 2357 seu
610 2314 686 2357 vera
708 2299 884 2378 promeret,
912 2295 1040 2357 monuit
1062 2293 1188 2358 Liviam
1210 2314 1251 2356 ne
1274 2313 1389 2356 arcana

212 2382 341 2466 domus,
364 2402 404 2445 ne
428 2381 562 2447 consilia
584 2383 777 2465 amicorum,
804 2383 983 2448 ministeria
1005 2382 1147 2446 militum
1171 2381 1389 2465 vulgarentur,

212 2491 292 2534 neve
322 2469 471 2535 Tiberius
501 2471 568 2535 vim
598 2471 799 2555 principatus
826 2471 1001 2536 resolveret
1033 2473 1148 2535 cuncta
1174 2469 1214 2532 ad
1242 2473 1388 2533 senatum

171 2587 198 2626 ro
213 2560 369 2624 vocando:
393 2583 464 2624 eam
488 2560 708 2624 condicionem
733 2581 802 2625 esse
825 2559 1012 2643 imperandi,
1040 2562 1165 2621 utnon
1187 2555 1282 2620 aliter
1305 2556 1389 2620 ratio

214 2652 341 2713 constet
363 2671 459 2732 quam
483 2649 511 2713 si
533 2649 591 2714 uni
613 2648 774 2714 reddatur.

181 2741 198 2804 7
304 2736 362 2801 At.
379 2736 502 2801 Romae
535 2760 628 2802 ruere
664 2738 699 2801 in
735 2736 902 2801 servitium
934 2734 1094 2820 consules,
1130 2737 1251 2818 patres,
1283 2754 1389 2817 eques.

175 2834 179 2842 '
215 2831 337 2909 quanto
357 2828 429 2910 quis
452 2825 630 2910 inlustrior,
652 2829 745 2890 tanto
769 2824 873 2910 magis
895 2823 970 2888 falsi
993 2845 1030 2888 ac
1052 2823 1256 2908 festinantes,
1283 2822 1390 2887 vultu-

213 3018 329 3087 Rauen,
347 3016 495 3085 Noricum,
512 3017 684 3085 Dalmatica,
705 3019 778 3072 Pan·
865 3022 907 3072 11.
925 3018 1085 3085 maculat,
1104 3035 1125 3070 s.
1146 3033 1168 3070 c.
1188 3021 1231 3084 33,
1251 3021 1293 3070 10.

213 3089 317 3150 nonien
335 3089 394 3142 und
412 3088 529 3144 Mdsien.
865 3095 906 3142 12.
942 3090 1075 3155 festinare
1101 3087 1247 3154 transitiv,
1275 3087 1317 3141 oft
1343 3086 1391 3141 bei

252 3165 293 3213 12.
318 3161 400 3242 apud
419 3159 483 3229 ‘in',
504 3178 525 3215 s.
545 3160 617 3215 Einl.
637 3167 653 3226 ξ
672 3165 714 3214 60.
743 3192 779 3201 -
828 3160 955 3240 Tacitus,
993 3158 1079 3242 sehon
1114 3158 1163 3212 bei
1195 3157 1301 3212 Sallust
1330 3157 1390 3210 und

213 3231 527 3370 luditur?
547 3233 778 3358 deditii}
828 3230 1390 3381 tuttelstet&suaa.

214 3373 317 3428 Livius.
356 3373 381 3428 S.
400 3374 474 3429 Einl.
495 3380 510 3440 ς
530 3380 570 3428 69.
639 3409 642 3415 ·
865 3379 906 3427 17.
927 3374 1090 3442 periculoso,
1108 3388 1155 3427 em
1173 3371 1317 3444 absolutar
1334 3370 1391 3424 Ab·

249 3444 279 3500 6.
315 3452 340 3498 4.
366 3447 456 3513 iussa,
486 3446 533 3499 bei
562 3445 628 3499 Tac.
659 3462 713 3499 nur
738 3443 778 3498 im
827 3443 897 3498 lativ
917 3443 966 3498 der
985 3443 1138 3498 seltensten
1157 3443 1217 3512 Art,
1240 3443 1292 3497 wie
1312 3448 1337 3512 3,
1356 3448 1391 3496 60

215 3516 321 3585 Plural,
339 3517 401 3571 hier
418 3535 474 3571 ron
493 3517 584 3570 ciuem
602 3515 709 3570 Befehl.
828 3517 918 3570 labero.
954 3514 1013 3571 Lir.
1032 3521 1075 3583 28,
1095 3520 1129 3569 36
1151 3517 1253 3570 incerte
1269 3532 1338 3584 prae
1355 3520 1392 3573 tc·

250 3595 274 3642 6.
298 3589 437 3644 modice
460 3589 598 3658 adposito,
622 3587 675 3640 wie
698 3594 724 3655 2,
743 3592 777 3641 68
827 3588 926 3654 nebris,
950 3587 1019 3655 quid
1041 3594 1091 3640 aut
1110 3593 1232 3655 peterent
1253 3593 1304 3642 aut
1320 3587 1391 3641 uitu-
1498 3639 1501 3645 f

211 3661 304 3730 priori
343 3660 481 3715 acediae
521 3661 593 3729 repis
628 3659 778 3727 adpositus.
828 3666 896 3713 reat.
911 3689 945 3698 -
959 3676 1014 3712 scu.
1033 3657 1100 3712 Tac.
1119 3658 1171 3711 bat
1189 3658 1235 3711 ein
1253 3655 1392 3712 einzelnen

214 3730 304 3784 Dafur
322 3730 394 3784 auch
416 3730 530 3785 additus
552 3730 592 3799 (in
611 3730 666 3784 den
684 3728 779 3783 Histo-
827 3731 884 3784 sice
915 3731 991 3799 (aaa),
1027 3744 1095 3799 mag
1125 3744 1155 3783 es
1187 3727 1248 3782 sein
1279 3727 1392 3796 eigenes

214 3801 293 3864 rien).
320 3789 396 3856 liber
414 3801 469 3855 den
484 3800 569 3855 Datir
584 3801 634 3854 des
648 3800 779 3854 Zweckes
828 3799 953 3855 Verbum
974 3798 1068 3854 haben
1091 3799 1160 3853 oder
1176 3798 1268 3866 nicht,
1291 3815 1344 3850 nur
1362 3796 1392 3850 in

216 3890 237 3926 s.
257 3872 330 3925 Einl.
350 3879 366 3938 ς
385 3878 427 3926 31,
829 3871 879 3924 der
891 3870 1060 3940 Bedeutung
1078 3888 1132 3924 von
1149 3870 1204 3925 siue
1214 3900 1247 3910 —
1257 3871 1320 3931 siue,
1339 3868 1392 3921 wie

252 3949 276 3997 6.
295 3945 458 4013 nummoque
475 3946 547 3998 statt
564 3944 780 4012 quondamque
829 3961 851 3996 z.
871 3943 901 3995 Β.
927 3948 951 4009 6,
976 3948 1009 3996 12
1036 3959 1095 3996 aaa
1117 3958 1165 3996 scu
1185 3941 1279 4009 plures
1302 3939 1391 4005 fuera

216 4013 280 4084 (wie
299 4019 325 4082 4,
349 4019 394 4084 38)
416 4015 455 4068 ist
478 4014 682 4079 altertdmlich,
707 4013 780 4067 auch
828 4013 895 4068 hist.
920 4019 945 4080 2,
972 4020 987 4067 9
1015 4019 1145 4068 amanus
1171 4028 1219 4065 eea
1246 4011 1315 4064 dolo.
1351 4009 1393 4063 lst

217 4084 264 4140 bei
278 4084 335 4139 Liv.
352 4090 376 4154 1,
391 4091 438 4154 ³13
453 4084 529 4140 Curt.
545 4091 569 4154 7,
585 4090 627 4151 10,
642 4086 780 4140 tta-siue
828 4084 965 4155 poetisch‚
983 4085 1037 4140 wie
1055 4083 1121 4137 Hor.
1141 4083 1185 4137 od.
1202 4089 1226 4149 1,
1245 4088 1270 4148 3,
1291 4086 1323 4135 16
1342 4083 1392 4136 tol-

216 4157 309 4223 dubio,
328 4173 348 4209 s.
369 4175 403 4210 zu
421 4173 444 4211 c.
465 4162 506 4225 10,
523 4163 564 4211 11.
829 4158 882 4211 lere
899 4173 948 4211 seu
964 4172 1064 4224 ponere
1081 4156 1140 4210 cult
1156 4154 1238 4221 freta

253 4234 277 4281 9.
290 4229 409 4283 'duravit
422 4227 452 4281 in
469 4228 510 4282 ‘er
523 4227 694 4299 (rerhartete
708 4226 779 4297 sich)
865 4233 908 4282 20,
933 4229 1006 4282 rotie
1029 4233 1134 4283 aaut
1157 4224 1215 4279 ‘die
1237 4224 1393 4293 Rechnung

216 4298 287 4370 giug
304 4299 334 4352 in
353 4298 444 4353 seiner
462 4298 551 4353 Hbrte
568 4299 613 4353 bis
632 4316 666 4351 an
679 4339 685 4352 .
697 4340 703 4351 .
714 4299 744 4352 .'.
829 4298 960 4353 stimmt’.

218 4370 780 4510 wbliblidlidiimebriblruiilidialic.ddsst).ge.
829 4369 1121 4509 Asibddtoncbiwdhidl.
1141 4371 1215 4506 gell.
1233 4354 1309 4422 Uber
1342 4367 1393 4420 das
