3092 4834
225 307 268 374 68
378 307 408 363 P.
428 306 599 364 CORNELII
617 307 738 365 TACITI
757 308 806 362 AB
824 308 985 364 EXCESSU
1004 309 1081 365 DIVI
1100 310 1258 366 AUGUSTI

223 470 339 557 populi
363 470 503 536 Romani
526 471 681 537 Romanis
705 472 738 536 iu
763 473 877 536 castris
902 474 1057 559 sanguine
1086 495 1144 538 suo
1172 473 1285 538 altaria
1309 474 1404 539 deum

225 560 534 625 commaculavisset.
562 559 633 625 luce
657 559 795 645 demum,
817 565 989 646 postquam
1013 562 1078 627 dux
1103 567 1135 627 et
1158 562 1250 627 miles
1269 567 1301 628 et
1319 564 1405 629 faeta

182 675 208 715 ro
221 649 450 733 noscebantur,
478 649 642 735 ingressus
671 648 1010 725 cestraGermanicus
1033 651 1165 735 perduci
1189 652 1229 715 ad
1253 674 1286 716 se
1309 651 1405 717 Plan·

223 760 296 804 cum
323 738 461 824 imperat
488 739 672 823 recepitque
703 740 737 802 in
770 738 923 803 tribunal.
968 743 1039 804 tum
1071 739 1203 804 fatalem
1235 741 1403 826 increpans

221 827 358 912 rabiem,
385 849 489 911 neque
512 826 667 912 militum,
695 827 752 891 sed
775 827 869 892 deum
898 829 946 892 ira
969 850 1149 914 resurgere,
1178 851 1234 894 our
1256 832 1405 896 venerint

222 917 323 1004 legati
351 916 469 1001 aperit3
497 917 547 981 ius
570 916 744 1001 legationis
767 920 865 1001 atque
888 917 990 1002 ipsius
1013 916 1125 982 Planci
1149 940 1280 1004 gravem
1303 924 1335 983 et
1358 920 1404 983 in-

223 1005 373 1071 meritum
397 1027 516 1088 casum,
540 1004 638 1069 simul
661 1010 819 1090 quantum
838 1006 1001 1070 dedecoris
1021 1006 1136 1071 adierit
1154 1007 1251 1093 legio,
1269 1007 1405 1072 facunde

182 1119 208 1159 ιι
222 1095 407 1179 miseratur,
446 1095 649 1178 attonitaque
686 1094 791 1180 magis
825 1117 921 1179 quam
954 1095 1065 1179 quieta
1097 1097 1247 1160 contione
1280 1096 1404 1182 legatos

222 1184 383 1269 praesidio
407 1182 612 1248 auxiliarium
637 1184 783 1268 equitum
807 1183 951 1249 dimittit.

177 1272 222 1336 40
312 1272 401 1336 Eo
393 1295 428 1336 m
457 1276 546 1336 metu
576 1294 710 1357 arguere
740 1271 969 1338 Germanicum
1000 1293 1123 1357 omnes,
1154 1274 1241 1358 quod
1270 1296 1336 1338 non
1364 1274 1405 1338 ad

223 1362 421 1446 superiorem
445 1361 620 1425 exercitum
643 1369 802 1464 pergeret,
825 1362 882 1426 ubi
906 1361 1117 1444 obsequiaet
1140 1367 1253 1427 contra
1275 1362 1404 1428 rebellis

223 1450 392 1516 auxilium:
426 1450 503 1515 satis
528 1472 686 1553 superque
710 1452 862 1515 missione
886 1455 918 1515 et
940 1449 1132 1535 pecuniaet
1119 1451 1309 1537 tmollibus
1333 1473 1406 1516 con·

223 1539 299 1604 sult'
275 1544 318 1604 tis
341 1544 515 1641 peccatum.
543 1539 640 1603 vel
616 1560 643 1603 ιι
661 1538 763 1603 vilis
755 1541 819 1622 ipsi
838 1538 933 1622 salus,
953 1559 1010 1603 cur
1027 1538 1132 1605 filium
1150 1526 1330 1625 parridum,
1349 1562 1406 1606 cur

196 1627 389 1732 sgravidam
417 1627 586 1713 coniugem
614 1629 698 1692 inter
727 1629 872 1692 furentes
901 1590 934 1693 et
961 1628 1065 1693 omnis
1088 1627 1221 1694 humani
1244 1652 1282 1695 oc
1303 1630 1406 1695 diuini

223 1718 303 1783 iuris
326 1717 428 1781 violat
414 1721 500 1780 tores
523 1716 681 1781 haberet‘)
645 1720 674 1779 t.
721 1715 796 1781 illos
821 1716 934 1782 saltem
957 1738 1017 1781 avo
1041 1720 1073 1781 et
1097 1719 1143 1781 rei
1166 1718 1315 1802 publicae
1337 1718 1407 1782 red-

223 1807 320 1871 deret.
345 1806 400 1871 diu
424 1809 593 1870 cunctatus
613 1810 838 1889 aspernantem
856 1827 999 1889 uxorem,
1019 1827 1092 1872 cum
1110 1829 1143 1872 se
1162 1807 1237 1871 divo
1253 1807 1403 1892 Augusto

223 1899 328 1960 ortam
346 1916 450 1979 neque
475 1894 665 1979 degenerem
684 1894 724 1957 ad
742 1894 885 1978 pericula
904 1898 1086 1979 testaretur,
1100 1899 1263 1980 postremo
1277 1900 1406 1960 uterum

224 1986 292 2048 eius
316 1988 348 2047 et
372 2004 572 2049 communem
594 1982 698 2048 filium
717 1983 820 2048 multo
840 2004 913 2049 cum
931 1985 1010 2048 fietu
1028 1983 1222 2069 complexus,
1245 1988 1282 2048 ut
1301 1984 1403 2047 abiret

183 2099 209 2139 ιι
222 2072 373 2157 perpulit.
401 2071 569 2136 incedebat
588 2070 744 2137 muliebre
763 2077 795 2137 et
814 2072 996 2138 miserabile
1015 2095 1139 2159 agmen,
1158 2073 1294 2158 profuga
1313 2072 1403 2137 ducis

225 2184 317 2246 uxor,
334 2159 506 2245 parvulum
520 2161 595 2225 sinu
607 2160 712 2226 filium
726 2182 849 2247 gerens,
867 2161 1079 2227 lamentantes
1097 2164 1217 2228 circum
1230 2162 1407 2227 amicorum

174 2237 215 2329 [a
224 2251 388 2336 coniuges,
398 2271 481 2333 quae
495 2249 592 2314 simul
606 2249 827 2334 trahebantur,
836 2273 896 2317 nec
909 2253 1015 2317 minus
1029 2254 1140 2316 tristes
1156 2254 1212 2337 qui
1226 2251 1406 2318 manebant.

177 2339 219 2405 41
311 2339 388 2404 Non
410 2340 556 2403 florentis
582 2337 725 2405 Caesaris
748 2363 852 2426 neque
876 2341 944 2405 suis
968 2343 1151 2422 incastris,
1180 2342 1237 2405 sed
1259 2340 1349 2406 velut
1373 2341 1408 2404 in

222 2430 301 2494 urbe
327 2430 413 2494 victa
440 2428 537 2494 facies
561 2429 765 2514 gemitusque
793 2451 829 2494 ac
852 2430 1000 2513 planctus
1029 2430 1127 2493 etiarn
1149 2429 1291 2494 militum
1314 2450 1407 2493 auree

223 2541 343 2603 oraque
366 2519 543 2582 advertere:
573 2518 826 2603 progrediuntur
848 2518 1076 2582 contuberniis.
1113 2517 1186 2600 quis
1208 2515 1264 2580 ille
1287 2516 1407 2580 flebilis

224 2609 344 2672 sonus?
367 2607 455 2691 quod
477 2611 544 2672 tam
566 2607 661 2671 triste
685 2607 823 2688 cymen?
846 2606 982 2670 feminas
1001 2605 1162 2686 inlustres,
1185 2625 1252 2668 non
1270 2608 1409 2670 centuri-

197 2723 209 2762 ι
224 2718 319 2762 onem
333 2695 373 2760 ad
386 2695 531 2779 tutelam,
544 2716 610 2759 non
623 2693 769 2775 militem,
778 2693 861 2757 nihil
875 2694 1100 2777 imperatoriae
1114 2694 1225 2757 uxoris
1240 2698 1296 2758 aut
1306 2696 1408 2759 comi-

223 2789 310 2851 tatus
333 2784 434 2849 soliti:
462 2804 594 2869 pergere
617 2782 658 2846 ad
680 2781 835 2847 Treveros
859 2786 891 2847 et
915 2786 1064 2847 externae
1086 2781 1162 2846 fidei
1191 2783 1268 2847 dedi.
1296 2783 1403 2867 pudor

224 2874 298 2938 inde
316 2877 349 2937 et
367 2873 530 2937 miseratio
550 2875 582 2936 et
600 2871 701 2954 patris
716 2869 890 2957 Agrippae,
905 2869 1047 2956 Augusti
1065 2871 1118 2935 avi
1136 2872 1299 2956 memoria,
1314 2893 1405 2936 socer

224 2961 359 3043 Drusus,
381 2961 451 3045 ipsa
474 2961 595 3045 insigni
617 2960 822 3042 fecunditate,
845 2960 1009 3044 praeclara
1026 2960 1194 3044 pudicitia:
1213 2961 1278 3027 iam
1296 2961 1403 3025 infans

263 3141 305 3189 18.
330 3135 453 3189 Rotnani
476 3134 619 3201 Romania,
644 3133 689 3188 ein
707 3135 790 3204 Poly·
880 3140 923 3191 10.
946 3136 1093 3190 incedebat.
1112 3135 1218 3190 Woher
1236 3135 1278 3189 sie
1295 3135 1409 3201 kamen,

224 3210 339 3278 ptoton,
366 3205 419 3259 wie
437 3206 503 3275 Agr
520 3211 553 3258 18
572 3205 790 3261 dissimulatione
844 3225 864 3260 s.
885 3206 966 3260 Anm.
986 3223 1062 3260 zue
1082 3212 1126 3271 30,
1146 3213 1170 3260 2

225 3281 318 3347 famae
334 3279 440 3345 famam
453 3278 542 3343 anxit,
561 3277 626 3330 hist
635 3281 660 3345 4,
669 3283 704 3331 64
717 3279 791 3347 quod
879 3276 930 3332 41.
959 3283 982 3331 1.
1001 3277 1055 3331 Die
1074 3249 1261 3347 Soliilderuug
1280 3278 1377 3331 wird'
1369 3295 1409 3330 ιιιι

226 3350 337 3405 tandem
355 3349 434 3403 liberi
452 3350 524 3403 inter
542 3349 639 3403 liberos
657 3351 741 3404 eritis
844 3348 996 3419 folgenden
1014 3348 1072 3403 fast
1089 3349 1271 3416 dramatisch,
1282 3351 1410 3402 nament-

262 3428 304 3475 23
332 3423 377 3474 ins
400 3421 544 3492 legationis
566 3418 626 3474 scil.
649 3422 789 3486 uiolatum,
843 3419 901 3473 lich
920 3419 1009 3473 durch
1023 3420 1070 3473 die
1083 3419 1219 3489 pldtzlich
1234 3393 1409 3475 eiirtretende

226 3493 302 3618 {inel-
320 3494 478 3630 prpgpantc
510 3490 724 3546 Konstruktion
762 3491 789 3544 S.
844 3490 954 3615 dnekqe
976 3491 1067 3615 Fpade
1083 3438 1150 3545 Iiurd
1173 3489 1331 3616 dmclsedie
1349 3490 1412 3614 brti

252 3583 283 3618 ιιι
846 3563 1224 3631 wrempnunener
1290 3578 1390 3616 ueun

262 3642 305 3690 34
338 3635 452 3690 &deone
479 3636 556 3689 adire
584 3635 665 3703 (statt
693 3635 793 3689 admit·
848 3634 961 3688 Grdnde
980 3651 1029 3688 zur
975 3581 1117 3688 pReuge
1136 3650 1291 3703 sozusagen
1310 3633 1412 3686 durch-

226 3704 293 3777 tcre)'
318 3707 356 3760 ist
383 3722 450 3773 neu,
479 3706 553 3760 nach
577 3705 716 3775 Analogie
737 3723 793 3759 von
848 3706 983 3759 einander
1001 3705 1142 3802 geworfep
1160 3705 1280 3759 werden.

226 3780 306 3834 adire
319 3750 483 3847 perienlnbr,
503 3777 614 3832 labores
884 3781 908 3830 3
936 3794 987 3831 ora
1009 3776 1101 3830 ubers.
1126 3776 1319 3845 ‘Augenb—
1382 3792 1409 3829 o·

264 3847 313 3904 40.
340 3855 364 3903 2.
383 3848 440 3902 Der
459 3848 554 3901 Plural
572 3849 700 3928 obsequia
719 3850 792 3903 auch
846 3848 930 3919 predi
945 3846 999 3900 mit
1020 3846 1132 3902 blebem
1155 3846 1218 3900 Abl
1237 3846 1310 3900 auch
1354 3860 1412 3915 erg.

230 3925 315 3987 3,,66
330 3925 400 3985 8,66
414 3919 473 3972 und
487 3918 613 3972 schonin
622 3918 794 3974 klassischer
847 3919 881 3971 A.
900 3925 925 3985 3,
944 3923 997 3971 300
1016 3923 1109 4000 portu
1147 3918 1174 3971 S.
1194 3917 1266 3970 Einl
1287 3922 1365 3983 584,
1384 3916 1411 3970 b

227 3990 297 4045 Zeit.
305 3991 618 4071 -rebctlisnachVerg
624 3991 694 4043 Aen
701 3996 725 4055 6,
732 3996 793 4044 868
884 3994 908 4042 6.
936 3991 1037 4043 nibil
1026 4007 1090 4058 inp.
1114 3990 1222 4053 acoris,
1245 3988 1339 4060 niobts
1357 4004 1413 4042 von

265 4066 290 4115 8.
309 4062 398 4115 mollis
418 4060 508 4127 ‘mild,
527 4060 716 4150 mattbercig'.
849 4060 921 4125 dem,
940 4075 998 4113 was
1018 4102 1023 4112 .
1040 4103 1045 4112 .
1062 4102 1067 4112 .
1085 4102 1089 4112 .
1110 4032 1261 4115 zulromint.
1290 4048 1413 4112 lhnlich

264 4138 290 4185 6.
309 4133 461 4202 procidam.
482 4131 535 4185 Dio
550 4137 592 4198 57,
608 4136 624 4184 6
647 4128 697 4201 ’γΑ
700 4130 794 4200 (il-rem
849 4101 943 4194 Quirit.
958 4131 1033 4185 dere.
1048 4149 1076 4199 p
1091 4136 1152 4198 440,
1168 4136 1200 4184 36
1216 4131 1248 4185 R.
1274 4131 1306 4184 in
1320 4132 1414 4184 rrrnltic

229 4224 285 4257 ναν
318 4203 457 4271 ἐγκύμονα
491 4200 586 4257 οὖσαν.
631 4152 697 4256 Βθιγ
700 4152 795 4256 ρὸο1ιιι
849 4203 921 4255 nibil
938 4204 1035 4256 matris
1053 4202 1128 4257 altra
1146 4176 1265 4257 titulun

229 4276 269 4328 ist
291 4274 341 4328 der
364 4273 472 4327 damals
496 4273 676 4343 zweijdhrige
699 4273 795 4342 Gaius,
887 4280 910 4327 7.
948 4275 1085 4344 Apri,
1122 4272 1240 4327 Gemahl
1265 4273 1315 4326 der
1337 4271 1415 4326 Julia

228 4347 327 4415 spdter
344 4345 452 4399 Kaiser.
850 4345 908 4398 und
924 4343 1012 4398 Vater
1049 4360 1080 4398 cr
1097 4344 1263 4414 Agrippina,
1283 4344 1360 4397 starb
1381 4349 1414 4396 12

266 4422 291 4471 6.
324 4434 383 4472 auo.
411 4415 468 4469 Der
486 4415 640 4471 Grossvater
658 4415 796 4484 Tiberius,
850 4434 877 4470 v.
897 4415 958 4470 Chr.

229 4487 274 4545 als
293 4486 495 4557 Adoptivrater
513 4487 561 4541 des
581 4486 771 4541 Germanicus.
887 4493 911 4542 8.
933 4488 1050 4554 Dracone,
1065 4485 1152 4540 Vater
1166 4485 1415 4540 desGermanicus.
