3092 4834
553 261 699 317 LIBERI.
737 261 814 316 GAP.
836 268 948 316 14—16.
1296 261 1340 325 53

257 424 341 491 'lum
368 426 549 509 primume
577 446 692 509 campo
720 424 854 491 comitia
880 424 921 489 ad
947 429 1056 508 patres
1078 424 1236 490 translata
1257 430 1342 491 sunt.
1354 428 1395 492 15

166 536 243 579 nam
267 515 308 579 ad
331 536 401 579 eam
424 514 521 598 diem,
549 515 612 580 etsi
635 515 805 598 potissima
832 513 967 578 arbitrio
990 514 1160 599 principis,
1187 515 1343 598 quaedam

164 609 275 670 tamen
298 603 415 669 studiis
442 602 587 668 tribuum
615 603 745 669 fiebant.
791 625 895 687 neque
921 602 1062 687 populus
1085 603 1270 687 ademptum
1293 604 1343 668 ius

166 697 299 776 questus
322 697 372 757 est
394 692 458 756 nisi
481 692 570 757 inani
587 714 725 777 rumore,
749 697 782 757 et
805 697 936 757 senatus
959 690 1190 779 largitionibus
1213 713 1250 757 ac
1273 714 1343 776 pre·

167 781 259 846 cibus
288 781 425 847 sordidis
453 781 619 846 exsolutus
647 781 752 847 libens
780 783 898 865 tenuit,
927 781 1113 846 moderante
1140 780 1271 845 Tiberio
1303 803 1343 846 ne
1371 811 1382 852 ⁵

165 870 275 954 plures
300 893 402 956 quam
431 875 586 953 quattuor
613 870 801 935 candidatos
828 869 1082 956 commendaret,
1114 870 1184 936 sine
1215 869 1345 954 repulsa

166 964 201 1024 et
224 960 349 1025 ambitu
372 959 597 1045 designandos.
642 959 727 1024 inter
750 983 830 1043 quae
854 959 978 1024 tribuni
1003 959 1111 1043 plebei
1132 959 1284 1044 petivere,
1306 963 1344 1024 ut

169 1050 301 1133 proprio
330 1052 462 1131 sumptu
490 1049 619 1113 ederent
646 1047 754 1133 ludos,
782 1050 838 1132 qui
866 1049 905 1112 de
927 1050 1057 1114 nomine
1080 1047 1221 1134 Augusti
1251 1048 1344 1114 fastis

166 1138 268 1202 additi
293 1136 490 1223 Augustales
512 1142 713 1202 vocarentur.
759 1138 815 1203 sed
838 1139 966 1202 decreta
988 1139 1125 1221 pecunia
1147 1160 1186 1203 ex
1210 1137 1363 1221 sereno,

164 1232 269 1310 utque
291 1249 349 1311 per
372 1226 493 1292 circum
516 1226 706 1310 triumphali
729 1231 819 1292 veste
841 1231 1024 1313 uterentur3
1047 1249 1144 1292 curru
1165 1226 1240 1291 vehi
1257 1226 1345 1291 haud
1358 1256 1384 1296 ro

167 1316 372 1400 permissum.
417 1338 493 1381 mox
516 1315 690 1381 celebratio
713 1338 820 1381 annua
843 1315 883 1382 ad
906 1321 1087 1401 praetorem
1105 1315 1270 1399 translata,
1292 1317 1345 1380 cui

164 1407 249 1470 inter
273 1405 358 1470 cives
381 1409 414 1468 et
436 1405 625 1491 peregrinos
648 1404 829 1470 iurisdictio
853 1405 1019 1470 evenisset.

256 1493 320 1560 Hic
337 1516 446 1559 rerum
459 1493 656 1560 urbanarum
674 1498 779 1560 status
798 1497 876 1577 erat,
895 1515 967 1560 cum
982 1492 1183 1559 Pannonicas
1201 1493 1345 1580 legiones
1356 1497 1398 1564 16

167 1583 286 1648 seditio
306 1583 447 1668 incessit,
470 1582 569 1648 nullis
586 1584 680 1649 novis
698 1583 814 1668 causis,
835 1583 899 1649 nisi
923 1583 1011 1667 quod
1033 1587 1177 1648 mutatus
1195 1583 1345 1670 princeps

167 1671 332 1738 licentiam
355 1670 523 1738 turbarum
547 1677 580 1738 et
603 1695 642 1737 ex
665 1672 754 1737 civili
777 1672 863 1739 bello
887 1694 977 1756 spem
1001 1671 1217 1756 praemiorum
1241 1676 1344 1737 osten-

167 1761 274 1827 debat.
320 1762 434 1826 oastris
461 1761 592 1826 aestivis
619 1766 685 1827 tres
713 1761 810 1827 simul
836 1761 981 1848 legiones
1008 1760 1223 1846 habebantur,
1254 1785 1345 1846 prae·

166 1850 292 1916 sidente
310 1848 404 1915 Iunio
423 1850 549 1935 Blaeso,
572 1851 629 1935 qui
651 1851 716 1916 fine
734 1850 878 1936 Augusti
901 1856 934 1917 et
956 1850 1061 1916 initiis
1084 1849 1206 1916 Tiberii
1225 1851 1344 1917 auditis
1371 1879 1384 1921 ⁶

165 1940 207 2004 ob
230 1939 392 2005 iustitium
415 1943 472 2004 aut
494 1941 649 2026 gaudium
671 1941 889 2006 intermiserat
912 1940 1010 2005 solita
1033 1942 1149 2005 munia.
1196 1963 1235 2006 eo
1257 1942 1344 2027 prin·

166 2030 252 2112 cipio
280 2028 429 2094 lascivire
452 2027 559 2113 miles,
587 2028 783 2111 discordare,
810 2029 941 2114 pessimi
965 2031 1120 2115 cuiusque
1143 2030 1344 2096 sermonibus

166 2117 322 2201 praebere
341 2139 442 2199 aures,
467 2117 604 2201 denique
622 2117 735 2184 luxum
758 2123 791 2183 et
815 2118 918 2183 otium
941 2141 1067 2202 cupere,
1089 2118 1293 2203 disciplinam
1312 2124 1344 2185 et

167 2206 312 2270 laborem
331 2206 504 2290 aspernari.
538 2211 606 2270 erat
625 2206 659 2270 in
678 2207 792 2271 castris
806 2206 1002 2273 Percennius
1021 2208 1160 2294 quidam,
1179 2209 1244 2272 dux
1266 2209 1344 2274 olim

166 2294 376 2359 theatralium
405 2316 587 2378 operarum,
616 2296 689 2359 dein
712 2297 879 2381 gregarius
902 2295 1009 2381 miles,
1035 2318 1154 2381 procax
1176 2297 1288 2383 lingua
1310 2301 1344 2362 et
1357 2328 1383 2368 ιο

209 2451 258 2506 15.
286 2457 309 2505 1.
329 2450 450 2506 mnino.
489 2449 631 2505 Oktavion
650 2450 731 2506 hatte
785 2460 817 2507 nt
842 2455 901 2507 scis
927 2454 1050 2520 sostenis
1072 2454 1197 2509 consulat
1220 2471 1285 2509 nene
1309 2457 1344 2509 ab

170 2524 221 2575 das
249 2521 417 2577 Wahlrecht
444 2522 494 2577 des
523 2521 627 2577 Vollses
656 2523 730 2577 nach
784 2524 907 2580 nmen
924 2525 1096 2594 diripiantur
1114 2527 1159 2593 (=
1170 2527 1300 2595 pniatm
1316 2543 1345 2580 se

167 2594 230 2648 dem
251 2592 438 2648 Triumuirate
464 2609 538 2646 zuar
555 2592 730 2664 hergestellt,
786 2596 894 2665 diripe),
908 2595 935 2651 b.
951 2613 974 2650 c.
991 2602 1015 2663 1,
1030 2602 1074 2664 26,
1084 2601 1110 2664 t,
1124 2593 1179 2650 Cic.
1190 2612 1241 2666 pro
1252 2596 1344 2652 Sestio

111 2716 120 2733 ‚
169 2665 238 2719 aber
271 2665 359 2719 durch
392 2665 443 2719 das
470 2663 730 2736 Vorsohlagsrecht,
786 2672 829 2734 32,
840 2673 873 2720 69
887 2674 921 2722 ut
934 2667 1061 2734 dicerent,
1074 2667 1247 2739 stepitubcnt.
1273 2665 1343 2723 Eine

167 2736 288 2791 welches
308 2752 339 2790 er
357 2735 418 2790 sich
433 2735 606 2804 reservierte,
624 2736 730 2791 bereits
785 2737 949 2809 energische
976 2738 1068 2792 Kone
1095 2738 1145 2792 des
1172 2738 1343 2807 Ausdruclrs,

166 2807 329 2862 illusorisch
352 2807 492 2878 gemacht.
529 2807 609 2862 Auch
636 2811 731 2879 spater
785 2810 832 2864 die
846 2810 919 2863 nach
934 2810 999 2865 dem
1013 2809 1219 2880 Zugesttndnis
1233 2810 1344 2864 desEr-

165 2879 267 2933 hiessen
283 2878 329 2933 die
345 2895 408 2933 vom
426 2878 528 2933 Sancte
546 2878 636 2934 vollao
657 2896 729 2935 enen
782 2882 905 2936 betenen
923 2881 1004 2936 nicht
1017 2880 1101 2951 fragt.
1117 2911 1150 2922 -
1165 2882 1198 2936 de
1215 2883 1286 2936 statt
1299 2886 1342 2937 ab.

165 2949 288 3005 Wahlen
303 2950 353 3003 der
367 2950 503 3005 Beamten
520 2898 729 3020 gewohnheits·
783 2951 820 3006 So
846 2952 932 3006 sehon
955 2951 1002 3007 bei
1025 2951 1124 3023 Vergil
1149 2954 1217 3007 Aen.
1243 2959 1272 3020 1,
1290 2959 1342 3009 271

166 3021 264 3091 maltig
281 3021 355 3075 noch
373 3020 473 3075 immet
491 3021 650 3089 „comitia“.
783 3025 975 3093 Romanosque
988 3041 1038 3079 sno
1052 3025 1085 3078 de
1098 3025 1208 3078 nomine
1217 3026 1294 3079 dicet.
1311 3058 1340 3066 -

204 3098 229 3146 4.
257 3094 315 3148 nist
337 3094 421 3147 inani
437 3110 554 3161 nemore,
582 3093 609 3147 d.
628 3093 655 3149 h.
675 3111 728 3147 nur
783 3093 1344 3165 DieseSpielewurdenam120ktober

165 3164 196 3219 in
218 3164 322 3219 leerem
340 3163 462 3231 Gerede,
486 3163 569 3218 ohne.
582 3164 638 3218 dall
661 3181 728 3219 man
783 3167 909 3237 gelbiert.

165 3253 200 3289 zu
219 3237 390 3306 opponieren
411 3237 512 3305 wagte.
819 3243 861 3292 10.
895 3246 991 3307 utque,
1013 3236 1067 3292 mit
1085 3239 1207 3308 proemio
1229 3237 1343 3293 lroordi-

202 3313 226 3361 ὅ.
254 3307 387 3363 euoluere
409 3307 482 3361 diter
505 3308 576 3362 statt
601 3308 725 3375 liberare,
780 3309 863 3377 niort,
891 3327 912 3364 s.
940 3307 1014 3363 Einl.
1043 3315 1139 3376 5119,
1155 3315 1197 3364 12.
1223 3341 1258 3350 -
1286 3310 1344 3365 Der

165 3395 187 3433 s.
206 3377 278 3433 Einl.
299 3383 390 3446 5122,
404 3378 423 3433 i.
779 3380 1016 3451 'l'riumphwagen
1039 3384 1114 3434 wAre
1142 3379 1188 3433 1111
1211 3379 1258 3436 die
1281 3380 1342 3435 Tri-

202 3454 226 3503 6.
255 3456 393 3518 qucnnor.
429 3448 496 3503 Dies
515 3449 570 3520 gilt
589 3450 724 3504 mndchst
777 3451 873 3505 bunen
893 3469 926 3504 zu
941 3450 996 3505 viel
1010 3451 1084 3505 Ehre'
1099 3466 1236 3522 genesen.
1269 3452 1340 3507 Dem

166 3537 219 3573 nur
232 3536 286 3573 von
301 3521 350 3573 der
362 3520 587 3588 Prttorenwahh
601 3538 655 3575 von
669 3522 724 3576 den
777 3521 878 3578 Prator
890 3523 969 3576 ward
986 3539 1017 3577 er
1029 3524 1174 3593 geststtet.

167 3597 200 3644 12
233 3595 394 3661 genannten
425 3591 571 3662 empliehlt
601 3610 631 3664 er
657 3594 722 3649 vier.
815 3594 863 3649 lo.
879 3599 903 3647 t.
919 3593 1029 3661 Blosus,
1044 3592 1145 3648 Oheim
1155 3593 1204 3647 des
1214 3593 1341 3663 Sejanus,

165 3661 246 3716 Nach
282 3662 416 3717 Pfitaners
445 3663 564 3718 Ansicht
600 3664 724 3733 gehdren
778 3682 838 3719 war
863 3659 1132 3735 spater‘Prolronsul
1150 3681 1206 3719 von
1232 3665 1340 3722 Afrilra·

166 3733 244 3789 diese
267 3734 325 3789 vier
347 3733 427 3788 nicht
449 3735 556 3789 auden
576 3734 670 3803 auroli,
695 3753 725 3790 so
817 3743 841 3790 6.
860 3737 1002 3808 gandium.
1022 3735 1060 3789 Er
1069 3735 1206 3806 begrdsste
1216 3736 1276 3791 also
1287 3737 1342 3792 den

166 3804 224 3858 dab
252 3805 301 3859 der
325 3804 451 3859 Wunsch
479 3806 528 3860 des
556 3806 656 3861 Senats
685 3810 727 3877 (nt
780 3807 1059 3879 Regiorungsantritt
1077 3807 1126 3862 des
1141 3806 1270 3862 Tiberius
1288 3810 1342 3864 mit

164 3876 627 4003 1111111112121·
660 3876 725 4005 ltt
780 3879 1070 4005 llllll'nllhll
1088 3879 1145 4004 tlt
1159 3880 1343 4018 Aba

164 4020 276 4087 repulsa
294 4027 319 4075 et
337 4021 449 4076 ambitu.
485 4019 553 4073 Also
572 4020 649 4075 diese
668 4022 726 4077 vier
780 4023 847 4089 βάκ
866 4030 891 4090 4,
911 4028 958 4090 47ς
979 4028 1021 4089 12,
1042 3995 1089 4090 12,
1109 3968 1218 4089 111843,
1245 4029 1287 4091 11,
1306 4028 1344 4078 38

166 4089 261 4145 durste
298 4091 348 4146 der
379 4091 466 4145 Senat
496 4090 577 4145 nicht
611 4092 726 4147 111111011-
780 4095 876 4165 inputo
895 4101 946 4148 ant
959 4095 1071 4163 pectori.
1109 4093 1176 4147 Man
1198 4093 1276 4147 kann
1295 4114 1346 4149 zu«

167 4162 284 4227 cairan,
308 4161 366 4215 und
385 4177 414 4215 es
432 4161 564 4216 bedurfte
582 4162 726 4218 ihrerseits
780 4163 881 4219 weilen
905 4172 930 4220 et
948 4165 1065 4219 vr‘er'ssim
1092 4163 1158 4235 (vgl.
1177 4182 1263 4221 unser
1282 4165 1342 4220 ‘bc-

165 4232 264 4286 lreiner
285 4233 416 4287 weiteren
436 4234 619 4303 Bewerbung.
781 4236 1025 4306 aiehungsweise')
1035 4236 1119 4289 d'afdr
1131 4236 1250 4303 denhen,
1264 4243 1290 4303 2,
1306 4242 1340 4290 47

203 4305 724 4375 s.ederenr‘gabendurften’,cf.e‚sr
781 4309 880 4377 quque
923 4309 1044 4362 Mosteni
1085 4314 1136 4362 aut
1175 4309 1342 4362 Macedones

165 4377 264 4443 movit,
277 4377 321 4431 nti
334 4383 454 4432 maneret
470 4376 594 4431 ‘bleihen
604 4377 725 4445 ddrfe',
781 4380 913 4448 Hyrcani
930 4384 1069 4432 vocamur.

167 4452 192 4512 4,
208 4451 250 4501 37.
279 4446 356 4502 Caes,
372 4448 399 4502 b.
415 4447 446 4503 G.
468 4454 492 4513 7,
507 4453 533 4515 8,
547 4455 564 4501 4
578 4448 726 4515 obsecrant,
818 4455 859 4503 10.
879 4448 1086 4503 Diciteatrcles
1104 4466 1201 4518 operae
1213 4444 1344 4499 bildeten
