3092 4834
579 281 687 337 LIBER
705 283 751 338 III.
789 282 864 338 CAP.
884 290 927 339 54.
1277 286 1341 352 193

168 442 258 521 tulit,
290 442 365 509 illae
401 444 575 528 oblivione,
607 445 681 530 hae,
714 447 798 530 quod
831 446 1026 531 flagitiosius
1058 453 1120 529 est,
1153 453 1340 534 contemptu

169 530 310 595 abolitae
342 534 536 599 securiorem
569 535 680 600 luxum
712 537 827 600 fecere.
875 557 952 600 narn
981 536 1009 600 ai
1037 537 1117 601 velis
1147 538 1233 621 quod
1260 555 1392 604 non-10

168 618 245 683 dum
271 622 408 686 vetitum
436 625 500 706 eat,
527 623 656 708 timeas,
686 645 726 687 ne
753 626 877 710 vetere,
905 629 939 689 at
966 624 994 687 ai
1020 623 1185 708 prohibita
1206 624 1338 710 impune

167 710 418 795 transcenderis,
440 733 545 797 neque
572 716 678 777 metus
706 713 793 777 ultra
819 734 923 797 neque
947 711 1050 796 pudor
1078 717 1136 778 est.
1181 734 1238 778 our
1261 735 1338 800 ergo

169 795 246 860 olim
278 799 478 880 parsimonia
506 801 674 883 pollebat?
730 802 807 885 quia
838 801 901 865 sibi
935 800 1070 886 quisquc
1103 801 1340 884 moderabatur,

169 887 246 969 quia
268 888 364 952 unius
387 889 477 952 urbis
502 890 586 954 cives
610 910 751 974 eramus,
776 911 817 954 ne
841 888 1053 955 inritamenta
1075 890 1204 974 quidem
1228 890 1339 955 eadem

167 975 253 1038 intra
273 974 402 1040 ltaliam
427 977 677 1043 dominantibus.
719 979 861 1043 externis
882 979 1027 1044 victoriis
1051 979 1167 1056 aliena,
1190 978 1338 1044 civilibus
1360 995 1392 1045 15

168 1063 267 1127 etiam
294 1070 406 1128 nostra
435 1086 622 1131 consumere
650 1067 828 1132 didicimus.
878 1067 1069 1151 quantulum
1095 1068 1183 1132 istud
1211 1071 1273 1150 est,
1301 1068 1339 1131 de

167 1172 231 1234 quo
264 1151 383 1218 aediles
416 1154 604 1219 admonent!
660 1176 771 1239 quam,
803 1156 832 1219 si
868 1159 976 1221 cetera
1012 1156 1178 1240 respicias,
1210 1156 1245 1219 in
1276 1156 1340 1220 levi

166 1238 366 1305 habendum!
405 1245 439 1307 at
461 1243 590 1309 hercule
613 1265 707 1308 nemo
731 1243 841 1328 refert,
864 1244 950 1328 quod
973 1243 1071 1308 Italia
1094 1248 1244 1309 externae
1268 1244 1339 1328 opis

166 1328 307 1413 indiget,
330 1331 415 1413 quod
439 1331 508 1397 vita
533 1331 646 1416 populi
668 1331 810 1397 Romani
837 1354 894 1417 per
921 1333 1045 1397 incerta
1072 1334 1170 1398 maris
1199 1336 1232 1397 et
1258 1337 1338 1397 tern-

166 1421 329 1500 pestatum
366 1420 484 1484 cotidie
517 1421 668 1486 volvitur.
723 1444 761 1487 ac
794 1423 857 1486 nisi
888 1422 1128 1504 provinciarum
1161 1422 1274 1505 copiae
1307 1426 1340 1486 et
1359 1437 1393 1485 20

165 1504 302 1571 dominis
330 1511 362 1572 ct
389 1509 531 1574 servitiis
558 1515 592 1574 et
620 1511 707 1597 agris
736 1511 959 1593 subvenerint,
986 1513 1100 1576 nostra
1126 1530 1186 1575 nos
1214 1510 1339 1576 scilicet

164 1616 297 1660 nemora
324 1601 519 1682 nostraeque
543 1599 639 1664 villae
667 1599 853 1664 tuebuntur.
898 1599 996 1682 hano,
1018 1603 1127 1682 patres
1155 1599 1340 1683 conscripti,

165 1705 275 1748 curam
304 1685 445 1751 sustinet
466 1688 631 1773 princeps,
658 1688 738 1753 haec
766 1687 889 1753 omissa
916 1687 1060 1753 funditus
1083 1708 1152 1751 rem
1176 1687 1337 1770 publicam

164 1772 282 1837 trahet
337 1774 471 1859 reliquis
508 1775 596 1841 intra
632 1776 776 1841 animum
809 1776 1002 1842 medendum
1034 1779 1096 1841 cst:
1133 1797 1192 1841 nos
1225 1775 1338 1859 pudor,

164 1881 320 1943 pauperes
346 1864 538 1949 necessitas,
566 1865 681 1930 divites
709 1866 810 1931 satias
843 1867 878 1930 in
908 1864 1024 1930 melius
1056 1868 1169 1929 mutet.
1219 1867 1276 1928 aut
1307 1863 1336 1928 si
1354 1877 1389 1928 25

165 1948 236 2032 quis
260 1970 299 2013 cx
322 1951 567 2034 magistratibus
590 1956 717 2019 tantam
739 1954 931 2019 industriam
954 1975 992 2019 ac
1016 1954 1223 2019 severitatem
1244 1953 1337 2038 polli-

164 2044 254 2101 cetur
260 2088 269 2120 ,
296 2042 333 2102 ut
359 2037 407 2103 ire
436 2041 566 2105 obviam
593 2046 702 2125 queat,
728 2044 815 2109 hunc
843 2064 904 2129 ego
933 2048 965 2107 et
993 2042 1090 2108 laudo
1114 2046 1148 2106 ct
1169 2042 1338 2108 exonerari

200 2252 241 2300 11.
271 2248 415 2317 prohibita
446 2250 636 2305 transcendere
663 2251 726 2305 ‘das
774 2268 871 2320 pauca
890 2253 966 2320 apud
983 2268 1026 2307 eoa
1041 2254 1170 2321 loquitar,
1189 2254 1261 2322 quod
1274 2270 1339 2323 pra-

163 2317 270 2372 Verbot
293 2319 467 2373 ribertreten'
491 2322 566 2375 nach
587 2320 725 2391 Analogia
779 2324 822 2377 tia
839 2324 927 2378 relata
945 2313 1002 2376 riom
1024 2324 1061 2377 ait
1084 2325 1122 2377 ist
1145 2325 1219 2392 loqui
1243 2323 1339 2390 gleich

165 2405 221 2442 von
238 2388 320 2443 Luca.
339 2395 365 2456 3,
385 2396 419 2445 60
448 2394 637 2448 commedere
658 2394 727 2460 fiaes
778 2395 864 2463 queri.
898 2392 926 2449 S.
940 2391 1042 2448 Mdller
1061 2394 1094 2447 de
1120 2393 1164 2448 off.
1184 2411 1212 2463 p.
1229 2399 1288 2447 128.
1304 2424 1338 2433 -

162 2461 242 2515 iaris.
271 2461 419 2517 Prohibere
433 2488 466 2507 ==
479 2462 623 2518 verbieten
638 2463 725 2518 achon
779 2463 833 2517 Mic
855 2464 947 2518 Recht
968 2464 1050 2518 waiet
1068 2462 1197 2519 Tiberina
1220 2463 1272 2517 anf
1292 2463 1338 2518 die

164 2530 229 2599 Cic,
253 2549 276 2586 a.
297 2530 328 2586 B.
352 2532 388 2586 de
410 2536 467 2588 nat.
492 2534 567 2589 deor.
592 2539 724 2603 1,14,3c
779 2535 951 2589 achlimmste
974 2535 1061 2604 Folge
1089 2535 1138 2589 dea
1160 2535 1252 2588 Luxus
1279 2533 1338 2600 hin,

163 2603 244 2673 tapam
255 2633 287 2642 -
302 2609 376 2657 recta
390 2604 568 2673 imperantem
577 2607 724 2675 prohibea-
779 2605 834 2660 den
852 2605 988 2676 geringen
1002 2604 1196 2673 Bodenertrag
1214 2604 1264 2658 dea
1283 2621 1338 2660 von

163 2678 265 2743 temque
282 2676 431 2730 contraria.
594 2713 596 2717 -
778 2675 872 2730 Villen
888 2677 944 2731 und
964 2676 1159 2746 Parkanlagen
1182 2675 1339 2731 bedeclrtan

201 2749 242 2799 14.
269 2746 355 2799 maius
381 2746 459 2801 artic
486 2747 568 2815 cioca
601 2747 724 2801 namlich
778 2746 903 2802 Italicus.

164 2813 208 2869 bis
227 2832 276 2867 aar
293 2815 440 2885 Erteilang
458 2817 508 2871 des
523 2817 724 2887 Burgerrechte
814 2824 858 2874 20.
876 2819 996 2874 uoluitur
1018 2818 1089 2871 atati
1110 2817 1249 2888 apiatas,
1276 2816 1338 2872 eine

164 2902 199 2939 an
224 2886 280 2939 die.
292 2886 378 2941 Italer
399 2885 507 2958 infolge
530 2887 580 2943 dea
601 2887 724 2943 Bundee·
778 2905 850 2945 neue
860 2888 1015 2958 Metapher,
1025 2888 1072 2943 ein
1081 2887 1144 2942 Bild
1154 2889 1204 2942 der
1214 2887 1339 2942 schwan-

163 2954 412 3026 genoasenlrrieges
427 2959 515 3012 durch
524 2957 570 3012 die
584 2959 630 3014 lex
637 2958 723 3015 Julia.
777 2960 891 3015 kanden
901 2958 1116 3030 Ungewissheit,
1125 2959 1338 3015 Verdnderlioh·

202 3032 241 3082 15.
258 3027 334 3083 iatria
344 3029 460 3084 Italiam
469 3035 523 3099 ctt,
533 3031 559 3085 d.
570 3030 598 3084 h.
607 3028 651 3084 bia
661 3049 724 3085 anm
778 3031 847 3087 keit.
891 3030 949 3085 Der
976 3031 1087 3086 Redner
1113 3030 1202 3085 denlrt
1229 3048 1265 3085 an
1292 3030 1338 3084 die

163 3097 241 3153 Ende
258 3099 307 3154 des
322 3102 415 3155 ersten
448 3100 584 3156 unischen
597 3100 723 3173 Kricges.
778 3118 829 3156 aua
839 3103 903 3157 dem
914 3101 1007 3156 deen
1016 3102 1184 3156 kommende
1195 3100 1338 3156 Getreide-

200 3177 242 3224 17.
269 3173 301 3225 ia
324 3172 383 3228 leci.
443 3173 483 3241 gl.
505 3173 569 3228 hiat
589 3178 620 3240 2,
638 3178 672 3227 21
691 3175 723 3229 ia
778 3174 877 3227 aufnhr
896 3190 943 3228 zur
962 3172 1022 3228 See.

164 3242 216 3296 leot
233 3242 370 3309 tabitam
390 3242 457 3298 Sall.
477 3243 541 3313 lug.
562 3249 622 3311 103,
638 3250 654 3297 6
669 3260 723 3299 om·
812 3248 856 3300 23.
870 3230 945 3299 liber
958 3245 1012 3299 den
1023 3244 1169 3301 Gabrauoh
1184 3261 1239 3299 von
1250 3244 1338 3298 actiae

163 3314 214 3365 aia
227 3313 259 3366 ia
277 3314 442 3382 amaenitate
459 3315 643 3381 hebetantem
661 3314 723 3368 Liv.
778 3333 799 3370 a.
818 3333 852 3369 aa
871 3330 913 3385 op.
932 3320 975 3371 30.

165 3387 212 3447 21,
241 3386 274 3435 13
298 3386 329 3436 ia
351 3385 452 3439 damac
476 3385 580 3440 habere.
622 3386 723 3454 Regel·
814 3392 857 3441 27.
875 3387 948 3441 tuae
966 3390 1055 3457 epact
1073 3386 1158 3440 laudo
1177 3385 1337 3453 et(abtoc)

164 3453 246 3506 recht
254 3453 291 3506 iet
300 3452 350 3507 der
359 3453 453 3508 Plural
462 3454 509 3509 bei
519 3452 574 3510 (lic.
586 3454 646 3511 Cat.
656 3457 722 3526 maj.
778 3458 922 3513 macerari
935 3463 1043 3525 partcm
1061 3457 1158 3523 fateor.
1191 3456 1245 3509 Zur
1264 3454 1335 3509 Stel-

167 3529 208 3589 19,
224 3529 255 3577 71
272 3524 365 3579 ommia
378 3530 443 3579 mont
456 3526 623 3581 habendam
635 3527 722 3582 bonis.
777 3527 846 3595 lang
869 3526 926 3595 vgl.
946 3526 1001 3583 (lic.
1021 3543 1061 3582 ac.
1081 3532 1111 3591 2,
1134 3532 1157 3591 8.
1177 3532 1212 3580 89
1230 3527 1296 3580 hacc
1313 3531 1338 3580 ct

203 3599 243 3648 18.
263 3592 301 3647 Za
315 3596 460 3650 altercati
473 3597 508 3651 of.
525 3600 548 3664 1,
559 3601 584 3650 3.
599 3626 634 3637 -
647 3613 724 3652 memo
778 3598 878 3652 didicit
908 3603 934 3652 et
964 3598 1076 3666 scripsit
1106 3598 1139 3652 de
1175 3597 1218 3651 tae
1248 3597 1337 3666 retas,

164 3666 246 3731 refer-t
264 3665 349 3735 qaod
367 3671 421 3734 ott,
441 3666 466 3720 d.
482 3668 508 3720 h.
525 3667 668 3723 ‘niemand
682 3684 724 3722 er·
778 3669 813 3722 de
831 3683 890 3739 rep.
910 3674 935 3735 3,
950 3673 974 3734 8.
988 3674 1023 3723 33
1041 3668 1106 3724 haic
1123 3668 1177 3738 lapi
1194 3684 1242 3723 aec
1260 3668 1337 3723 otro-

166 3736 261 3790 withnt
278 3736 309 3789 in
327 3736 418 3790 einem
432 3736 557 3807 Antrage
575 3738 622 3793 die
639 3737 724 3793 'rnat-
777 3741 842 3809 pari
858 3741 904 3806 faa
927 3745 967 3794 eet
983 3756 1068 3809 acqua
1085 3740 1213 3809 dorcam
1235 3755 1269 3793 aa
1286 3740 1338 3793 dac

164 3806 338 3872 sache,dals’
352 3824 454 3862 aaw.
473 3807 725 3878 vglannmmea
778 3811 886 3880 aliquid
917 3811 978 3866 licet
1006 3827 1090 3880 aequa
1117 3816 1175 3865 tcta
1207 3811 1338 3881 abrepat-t

165 3882 198 3932 lo
219 3877 299 3932 Ribb.
317 3894 374 3933 aaa
392 3895 564 3934 commemoro
585 3881 659 3949 quod
677 3886 722 3936 ctt.
772 3887 869 3950 potest.
889 3911 922 3922 -
942 3898 1089 3937 exonerare
1113 3880 1337 3947 ‘fortschaffen',

163 3948 312 4029 Negiertea
334 3950 435 4017 referre
455 3948 493 4005 ist
520 3949 723 4020 grammaticen
776 3952 830 4007 wie
849 3953 912 4008 hiet
936 3958 962 4022 3,
981 3959 997 4007 2
1016 3952 1227 4019 multitudinem,
1245 3951 1338 4006 Plaut.

162 4018 257 4088 glerch
293 4021 410 4086 mittere,
445 4022 604 4090 praeterire.
655 4020 722 4075 Auf·
777 4022 857 4092 Epid.
878 4029 908 4091 3,
927 4030 957 4091 4,
976 4029 1012 4079 34
1029 4028 1061 4078 ut
1083 4039 1142 4079 eam
1164 4039 1199 4077 aa
1220 4024 1270 4077 hoc
1291 4039 1337 4077 aa·

162 4089 300 4145 sallender
322 4093 394 4161 quod
414 4096 456 4160 14,
475 4097 492 4146 6
514 4093 574 4147 attic
590 4097 722 4162 reputans
776 4109 868 4150 oneres
886 4110 966 4165 apro,
990 4094 1051 4149 Liv.
1070 4099 1119 4161 24,
1138 4098 1171 4147 29
1191 4094 1229 4148 ad
1247 4094 1337 4148 malti·

163 4161 223 4216 ideo
236 4178 264 4216 aa
279 4162 396 4216 aratam
414 4168 439 4218 ct
454 4192 486 4203 —
499 4163 624 4219 tabitam
636 4165 721 4233 qaod·
776 4166 900 4220 tudinem
927 4165 1098 4220 inconditam
1126 4166 1337 4219 exonerandam.

162 4248 213 4299 que
231 4233 297 4287 litae
310 4234 392 4287 iacta
404 4235 485 4289 navia
499 4264 533 4274 —
547 4235 723 4300 caecidissem
776 4233 830 4289 Mit
853 4234 1181 4304 Objektevertauschang
1209 4235 1339 4304 dagegen

164 4299 239 4357 Cael.
262 4303 298 4357 ad
321 4302 387 4358 fam.
407 4308 437 4370 8,
461 4311 491 4372 6,
517 4308 532 4357 1
555 4305 627 4359 atad
654 4306 722 4360 miti
775 4304 836 4360 Liv.
853 4312 894 4373 10,
909 4311 943 4359 21
960 4312 1041 4374 parte
1055 4321 1139 4360 carae
1153 4312 1338 4361 exonerarunt

163 4375 291 4442 occurrit,
304 4375 376 4442 qaod
389 4391 461 4430 uxor
475 4394 492 4430 a
506 4375 652 4430 Dolabella
666 4376 721 4430 dra·
775 4385 900 4431 cauatam
924 4378 1044 4432 consalta
1068 4377 1186 4443 litterae,
1215 4375 1250 4431 ct.
1273 4393 1336 4429 ann.

163 4446 248 4499 cessit.
294 4443 344 4499 Bet
369 4443 447 4501 Gaea.
472 4446 499 4502 b.
523 4463 545 4501 c.
571 4450 599 4514 1,
629 4453 675 4514 23,
704 4451 720 4499 3
776 4451 909 4515 2,11,1.
