3092 4834
221 310 265 375 54
372 309 402 364 P.
422 309 591 365 CORNELII
609 308 729 364 ΤΑΟΙΤΙ
748 309 795 363 ΑΒ
814 307 1071 365 excessuum
1088 307 1247 391 AUGUSTI

220 473 353 540 miscere
381 477 490 539 coetus
518 471 703 538 histrionali
730 471 838 537 studio
866 472 988 538 doctus.
1035 472 1062 536 is
1090 471 1247 555 inperitos
1270 471 1396 537 animoa

220 566 253 626 et
282 585 438 649 quaenam
467 566 542 647 post
569 561 754 649 Augustum
783 560 918 627 militiae
945 560 1091 627 condicio
1120 560 1320 647 ambigentes
1347 562 1395 625 in-

220 651 340 736 pellere
369 652 526 738 paulatim
558 652 725 717 nocturnis
757 650 939 735 conloquiis
972 655 1029 716 aut
1055 650 1139 715 flexo
1166 652 1201 715 in
1228 671 1394 735 vesperam

221 741 272 805 die
304 746 337 807 et
370 741 501 827 dilapsis
534 740 721 807 melioribus
754 741 962 806 deterrimum
994 761 1153 824 quemque
1189 748 1392 826 congregare.

177 822 217 887 17
231 827 236 838 ”
309 830 476 897 Postremo
506 831 665 916 promptis
694 832 759 895 iam
783 834 815 893 et
838 829 910 895 aliis
933 829 1101 895 seditionis
1123 828 1282 894 ministris
1304 829 1394 894 velut

220 919 500 988 contionabundus
523 918 753 1005 interrogabat,
777 941 834 985 eur
856 918 967 1004 paucis
991 917 1244 1001 centurionibus,
1265 918 1394 1002 pauoio·

218 1009 308 1075 ribus
329 1009 470 1074 tribunis
488 1010 522 1073 in
545 1007 676 1074 modum
694 1030 860 1073 servorum
879 1008 1075 1076 oboedirent.
1112 1008 1239 1092 quando
1259 1029 1393 1073 ausuros

218 1120 389 1183 exposcere
415 1098 568 1181 remedia,
598 1098 662 1162 nisi
684 1119 805 1162 novum
832 1101 864 1162 et
894 1102 1062 1163 nutantem
1085 1097 1189 1162 adhuc
1212 1097 1391 1182 principem

191 1188 368 1271 apreeibus
386 1187 438 1252 vel
457 1187 553 1252 armis
572 1186 720 1251 adirent?
756 1187 834 1251 satis
857 1209 916 1271 per
934 1190 984 1254 tot
1007 1209 1107 1251 annos
1131 1186 1260 1272 ignavia
1283 1208 1392 1271 pecca·

217 1280 300 1361 tum,
330 1277 417 1360 quod
439 1278 562 1341 tricena
585 1280 641 1340 aut
664 1275 869 1364 quadragena
892 1277 1053 1360 stipendia
1077 1282 1168 1340 senes
1190 1279 1224 1339 et
1246 1275 1391 1361 plerique

216 1369 366 1430 truncato
394 1387 434 1430 ex
460 1363 648 1430 vulneribus
676 1386 811 1450 corpore
840 1364 987 1429 tolerent.
1033 1387 1073 1429 ne
1095 1364 1238 1430 dimissis
1261 1364 1391 1449 quidem

216 1456 313 1521 tinem
336 1477 405 1520 esse
428 1454 573 1538 militiae,
595 1454 651 1520 sed
673 1455 759 1539 apud
777 1453 931 1519 vexillum
955 1454 1121 1518 tendentes
1145 1453 1209 1518 alio
1233 1452 1390 1519 vocabulo

216 1544 345 1610 eosdem
368 1544 494 1609 labores
517 1543 665 1628 perferre.
708 1564 744 1607 ao
768 1544 796 1607 si
819 1544 962 1626 quistet
984 1543 1163 1607 easusvita
1182 1544 1390 1629 superaverit,

176 1633 301 1698 wirchi
325 1633 429 1698 adhuc
448 1633 588 1698 diversas
608 1635 642 1697 in
660 1636 772 1714 terras,
795 1630 851 1695 ubi
870 1654 928 1715 per
946 1653 1063 1697 nomen
1081 1653 1232 1717 agrorum
1251 1632 1390 1718 uligines

215 1722 370 1806 paludum
400 1722 452 1787 vel
480 1723 601 1787 ineulta
633 1720 792 1787 montium
824 1721 991 1805 accipiant.
1046 1722 1207 1785 enimvero
1240 1721 1389 1786 militiam

216 1812 318 1895 ipsam
346 1833 488 1899 gravem,
520 1811 768 1876 infructuosam:
799 1809 889 1874 denis
921 1811 955 1874 in
984 1808 1068 1874 diem
1096 1809 1221 1874 assibus
1251 1811 1388 1875 animam

216 1905 248 1963 et
271 1921 387 1984 corpus
406 1901 576 1966 aestimari.
612 1900 689 1965 hinc
707 1903 830 1965 vestem
848 1921 937 1963 arma
955 1899 1103 1978 tentoria,
1126 1898 1203 1963 hinc
1222 1898 1388 1963 saevitiam

215 1991 439 2054 centurionum
468 1992 501 2055 et
527 1991 711 2054 vacationes
739 2009 907 2054 munerum
937 1987 1059 2052 redimi.
1106 1992 1140 2052 at
1168 1986 1297 2051 hercule
1319 2007 1388 2051 uer-

175 2093 201 2133 1⁶
215 2080 292 2142 bera
323 2083 356 2143 et
384 2078 531 2164 vulnera,
568 2079 679 2144 duram
711 2078 864 2161 hiemem,
896 2078 1051 2142 exercitas
1083 2080 1234 2160 aestates,
1265 2075 1387 2141 bellum

214 2172 307 2232 atrox
335 2171 391 2232 aut
419 2167 560 2233 sterilem
589 2188 699 2253 paoem
729 2169 930 2251 sempiterna.
977 2187 1036 2230 nee
1063 2165 1151 2231 aliud
1172 2166 1387 2230 levamentum

214 2278 310 2341 quarn
338 2258 365 2321 si
389 2258 486 2321 certis
514 2259 573 2323 sub
596 2256 724 2344 legibus
747 2256 865 2321 militia
888 2256 1037 2340 iniretur,
1064 2258 1102 2319 ut
1125 2255 1270 2342 singulos
1296 2256 1388 2320 dena-

213 2345 279 2410 rios
302 2350 474 2431 mererent,
502 2350 611 2412 sextus
636 2347 787 2412 decumus
811 2344 964 2430 stipendii
994 2367 1096 2410 annus
1120 2346 1217 2410 finem
1241 2344 1388 2428 adferret,

213 2457 253 2500 ne
276 2434 362 2501 ultra
381 2436 440 2500 sub
459 2436 586 2500 vexillis
605 2440 799 2517 tenerentur,
823 2435 879 2499 sed
898 2434 998 2500 isdem
1022 2436 1056 2498 in
1076 2435 1189 2499 castris
1208 2436 1386 2518 praemium

212 2645 259 2700 die
283 2645 388 2715 Ciaque
407 2646 446 2700 im
465 2646 599 2714 Thenatas,
623 2647 675 2700 wie
699 2647 772 2701 noch
822 2646 974 2715 paludum,
993 2644 1038 2699 ein
1058 2644 1210 2700 Genetirus
1233 2645 1387 2715 appositio-

208 2717 281 2787 jetzt
304 2717 335 2770 in
359 2716 463 2788 grossen
488 2718 614 2772 Studien.
653 2718 771 2772 Percen-
825 2715 907 2771 nelis.
921 2716 1385 2786 hist.a‚27poaaerasaeorum.-

211 2788 276 2843 nius
298 2788 379 2843 hatte
402 2788 462 2843 sich
481 2788 523 2843 als
541 2788 586 2842 ihr
608 2788 714 2842 Fiihrer
732 2788 771 2842 im
826 2775 902 2843 iiber
910 2788 1155 2843 incultamontium
1164 2806 1187 2842 s.
1197 2788 1269 2843 Einl.
1281 2794 1347 2857 540,
1357 2789 1385 2843 b.

211 2859 476 2928 Wdhlerg'eschafte
497 2861 592 2931 geeot
862 2865 904 2914 14.
929 2862 1037 2927 redimi,
1055 2860 1082 2913 d.
1097 2860 1124 2912 h.
1145 2860 1186 2913 sia
1200 2860 1305 2914 hausen
1325 2860 1385 2915 sich

248 2935 290 2985 12.
318 2937 503 3000 aequaeuam.
541 2918 617 2985 llbcr
638 2931 688 2984 das
708 2948 770 2985 aus·
825 2930 867 2985 los
894 2948 949 2985 von
977 2931 1027 2986 der
1053 2933 1169 2988 saevitia
1195 2934 1385 2987 maturiorem

212 3001 357 3072 gelassena
375 3002 447 3067 foret
464 3020 485 3056 s.
505 3001 577 3056 Einl.
598 3007 671 3068 §20-
824 3003 883 3055 und
911 3001 1047 3058 arkeufen
1075 3002 1135 3057 sich
1154 3002 1200 3057 die
1230 3006 1386 3060 vacationes

248 3078 289 3127 13.
316 3075 387 3142 [leuc
405 3074 436 3126 iu
454 3090 592 3143 vesperam
610 3075 661 3129 die.
690 3072 768 3127 Hier·
824 3090 974 3130 munerum.
984 3075 1118 3130 ‘Ebenso
1132 3075 1242 3144 Lampr.
1262 3094 1285 3129 v.
1305 3076 1384 3130 Com·

210 3142 256 3196 fiir
273 3143 324 3197 hat
343 3144 407 3198 Tac.
431 3144 494 3199 eine
516 3144 610 3199 reiche
635 3145 770 3199 Phraseo·
824 3144 898 3198 mod.
919 3151 992 3212 14‚4
1011 3147 1092 3201 multi
1108 3148 1158 3202 aab
1177 3163 1207 3199 eo
1225 3149 1385 3202 ercliacum

210 3213 298 3284 logie:
326 3216 488 3286 propinquo
519 3232 643 3284 vespero,
679 3217 769 3272 inuan-
819 3233 939 3286 poenam
966 3224 991 3272 et
1017 3233 1097 3273 suam
1123 3220 1238 3271 saluum
1262 3219 1385 3288 pemmo

210 3287 306 3341 hante
337 3289 461 3356 vespera,
491 3295 689 3357 vesperascente
716 3289 769 3354 die,
823 3289 1001 3355 redemerunt,
1018 3288 1076 3341 und
1091 3288 1138 3342 bei
1154 3290 1295 3359 deprecari
1311 3289 1383 3343 Just.

209 3364 326 3413 extresuo
345 3359 389 3413 die
405 3376 431 3413 u.
451 3358 508 3429 dgl.
528 3376 564 3411 m.
825 3361 1102 3428 11‚9,14prooolotoe
1126 3362 1385 3417 enibusAleaeoedri

247 3428 679 3485 17.1.eev01aa·i=etiam.
823 3447 880 3485 non
897 3438 1016 3497 merem,
1034 3432 1081 3487 aed
1118 3449 1165 3486 um
1178 3432 1270 3486 Darei
1286 3448 1385 3502 corpus

245 3507 270 3555 4.
298 3508 441 3558 cometem
468 3502 558 3557 adhue
581 3501 664 3555 ‘noch
690 3500 770 3555 nieht
823 3503 1124 3572 capeliontdilationem
1133 3504 1382 3573 mortisdepreeae·

209 3572 262 3626 auf
277 3573 342 3627 dem
360 3573 470 3627 Throne
489 3573 644 3643 betestigi’.
824 3580 877 3628 tur.
906 3573 960 3627 Zur
979 3574 1068 3628 Sache
1086 3573 1141 3644 vgl.
1160 3574 1227 3628 hist.
1248 3581 1272 3642 1,
1286 3581 1321 3628 46
1334 3593 1384 3643 per

246 3649 269 3699 7.
289 3662 323 3700 ee
335 3663 369 3713 u,
389 3645 478 3700 wiec.
494 3647 767 3701 assistricem.
824 3646 973 3700 lenocinia
1000 3654 1025 3701 et
1046 3653 1145 3714 raptus
1167 3653 1217 3701 out
1240 3648 1384 3701 servilibus

245 3721 270 3770 8.
285 3715 773 3783 ulioooeabulundmlichoeeillun‘s'·
822 3718 1381 3773 ruinisteriiemilitareotiumrede‘mebant.

208 3786 277 3840 oder
302 3788 404 3843 vasella
430 3795 632 3857 veteranorum,
661 3787 768 3842 welche
859 3794 900 3842 17.
929 3790 979 3844 rub
1002 3790 1117 3859 lapibus,
1142 3787 1196 3841 wie
1220 3788 1296 3841 Suet.
1320 3787 1381 3841 Oct.

208 3857 254 3910 fiir
276 3858 337 3912 sich
359 3859 529 3927 bastanden‚
552 3859 632 3913 nicht
654 3877 689 3913 zu
706 3875 767 3912 ver·
822 3864 855 3913 21
875 3860 925 3914 sub
944 3861 998 3931 leye
1015 3876 1050 3914 ne
1068 3863 1121 3914 cet.
1144 3857 1202 3912 Liv.
1221 3860 1382 3925 11118ιώ

207 3928 348 3982 wachseln
378 3930 431 3984 mit
464 3931 518 3985 den
551 3930 768 3985 Detaohements
821 3930 1029 3986 condicionehue
1042 3933 1092 3985 hia.
1110 3961 1140 3970 -
1157 3931 1292 3984 denarios.
1326 3930 1382 3984 Der

207 4000 258 4053 der
275 4000 395 4070 fibrigen
409 4002 550 4071 'huppem
569 4001 616 4056 <lie
630 4000 767 4057 cbenfalls
822 4000 928 4068 Denar,
957 4001 1006 4055 der
1037 4001 1133 4055 friiher
1160 4002 1244 4055 aehn·
1259 4002 1381 4054 sehwcre

207 4072 309 4126 cecilia
318 4071 487 4127 hiessenund
501 4072 767 4143 auvordbergeheu-
821 4072 992 4143 Kupferasse
1024 4075 1094 4127 wert
1125 4089 1196 4139 war,
1234 4072 1294 4144 gali
1327 4073 1381 4126 seit

208 4142 263 4195 den
279 4142 413 4196 Zwecken
432 4145 717 4198 ermendetwurden.
732 4176 767 4186 -
822 4150 873 4198 217
898 4163 922 4198 v.
946 4142 1008 4198 Chr.
1034 4150 1066 4197 16
1089 4142 1193 4198 leiehte
1216 4144 1286 4198 Asse
1314 4144 1382 4198 oder

208 4214 373 4268 tenderevon
379 4214 767 4286 Truppen=lagern‚stehen
823 4214 1002 4269 3Sesterzenss
1024 4214 1077 4269 Die
1088 4215 1380 4285 Truppenverlangan

206 4284 273 4354 (agl.
292 4287 427 4356 tentoria).
822 4286 882 4341 also
900 4285 962 4342 eine
978 4285 1103 4356 tagliche
1119 4287 1223 4357 Zulage
1240 4304 1294 4341 von
1308 4289 1382 4341 etwa

245 4361 286 4410 10.
315 4357 436 4412 diversos
456 4356 637 4427 ‘entlegene',
664 4358 718 4412 wie
741 4365 766 4426 4,
822 4359 907 4412 21111.
932 4358 984 4411 Dia
998 4358 1209 4412 Pratorianerd
1247 4374 1318 4428 egen
1332 4359 1381 4413 be·

207 4433 242 4481 46
264 4429 323 4494 sore
345 4435 377 4483 ut
399 4430 520 4490 dicerem
542 4431 572 4483 s'n
596 4436 683 4486 terrae
710 4435 766 4485 tra-
822 4446 910 4499 rogen
938 4435 953 4483 2
977 4430 1087 4486 Desara
1117 4434 1196 4501 (ει
1244 4473 1250 4484 .
1278 4430 1381 4500 4on.)

204 4498 469 4565 herculanenses
488 4497 569 4553 diter.
590 4532 623 4541 -
648 4501 768 4572 uligines
822 4500 880 4554 und
900 4500 1015 4557 dienten
1032 4501 1233 4557 nur1aJahre
1252 4504 1323 4557 statt
1336 4508 1380 4557 20.

42 4760 190 4812 Δᾤ
