3092 4834
206 283 268 348 148

352 282 383 339 P.
403 282 572 338 CORNELII
591 283 710 338 TACITI
728 283 777 337 AB
796 283 957 338 EXOESSU
975 284 1052 338 DIVI
1071 284 1232 339 AUGUSTI

204 447 287 511 nihil
319 447 532 530 compositum
561 447 596 511 in
624 448 886 532 ostentationem
915 453 947 513 et
975 469 1169 531 quamquam
1198 471 1302 534 neque
1335 451 1382 515 in·

205 537 349 621 signibus
373 537 554 620 lugentium
577 536 783 620 abstinerent,
807 537 903 601 altius
922 538 1038 601 animis
1062 537 1255 604 maerebant.
1297 541 1382 606 forto

202 626 435 711 negotiatores,
462 625 590 689 vivente
618 626 722 690 adhuc
751 624 941 691 Germanico
971 625 1065 690 Suria
1087 628 1220 711 egressi,
1247 629 1381 694 laetiora

164 739 190 780 rr
205 714 242 778 de
275 714 457 779 valetudine
491 714 558 778 eius
591 714 735 779 attulere.
792 715 902 779 statim
936 716 1068 797 credita,
1105 718 1216 780 statim
1248 718 1381 803 vulgata

204 808 291 868 sunt:
316 808 352 868 ut
376 802 512 886 quisque
535 803 659 887 obvius,
683 804 829 887 quamvis
852 805 966 869 leviter
989 805 1098 869 audita
1121 805 1154 868 in
1180 805 1259 871 ahos
1283 812 1382 891 atque

203 894 252 957 illi
275 892 309 955 in
327 894 436 977 plures
455 892 617 957 cumulata
640 892 758 979 gaudio
782 893 989 958 transferunt.
1027 898 1156 958 cursant
1179 917 1236 977 per
1258 896 1380 982 urbem,

203 982 381 1046 moliuntur
403 981 598 1064 templorum
621 982 730 1067 fores,
751 981 841 1046 iuvat
864 982 1084 1047 credulitatem
1107 1005 1174 1048 nox
1196 989 1228 1049 ot
1251 1008 1380 1069 promp-

203 1072 269 1135 tior
301 1071 385 1135 inter
418 1071 564 1136 tenebras
598 1071 787 1136 adfirmatio.

849 1093 908 1137 nee
941 1071 1070 1136 obstitit
1100 1072 1190 1136 falsis
1223 1073 1380 1159 TiberiuS,

163 1186 190 1226 so
204 1162 304 1225 donec
328 1165 471 1244 tempore
495 1181 532 1224 ac
556 1162 659 1243 spatio
684 1165 898 1242 vanescerent,
922 1164 954 1224 et
977 1162 1116 1245 populus
1137 1163 1230 1245 quasi
1252 1186 1380 1228 rursum

204 1254 348 1333 ereptum
372 1251 477 1337 acrius
501 1249 612 1313 doluit.

152 1338 194 1402 83
292 1337 449 1421 Honores,
471 1344 509 1402 ut
532 1339 604 1420 quis
628 1360 737 1403 amore
762 1340 795 1402 in

819 1337 1043 1403 Germanicum
1067 1344 1122 1404 aut
1146 1341 1275 1425 ingenio
1302 1341 1380 1404 veli-

204 1429 277 1513 dus,
304 1429 424 1511 reperti
453 1428 648 1511 decretique:
677 1433 714 1493 ut
740 1450 859 1493 nomen
887 1429 954 1493 eius
980 1427 1095 1492 Saliari
1122 1431 1261 1494 carmine
1290 1452 1380 1496 cane-

203 1522 304 1601 retur,
337 1518 428 1581 sedes
461 1517 587 1581 curules
616 1519 818 1582 sacerdotum
846 1516 1074 1603 Augustalium
1107 1519 1188 1583 locis
1221 1541 1380 1604 superque

204 1627 256 1669 eas
300 1627 452 1690 querceae
494 1627 629 1671 coronae
666 1610 897 1689 statuerentur,
937 1607 1030 1671 ludos
1067 1608 1222 1672 circenses
1261 1609 1381 1673 eburna

179 1696 329 1781 seffigies
352 1695 499 1779 praeiret,
521 1718 600 1759 neve
625 1697 697 1780 quis
715 1696 833 1760 flamen
856 1699 912 1759 aut
936 1718 1039 1781 augur
1063 1698 1096 1759 in
1119 1697 1226 1764 locum
1254 1696 1380 1762 Germa·

202 1784 267 1848 nici
295 1784 358 1848 nisi
381 1785 486 1869 gentis
513 1783 614 1848 Iuliae
645 1789 812 1849 crearetur.
859 1806 951 1849 arcus
975 1785 1075 1849 additi
1099 1786 1221 1850 Romae
1240 1792 1272 1850 et
1295 1788 1380 1871 apud

202 1874 306 1957 ripum
321 1872 427 1937 Rheni
447 1878 479 1937 et
497 1873 531 1936 in
550 1877 660 1937 monte
676 1871 788 1938 Suriae
806 1875 939 1957 Amana,
959 1896 1031 1938 cum
1045 1874 1255 1959 inscriptione
1274 1898 1379 1940 rerum

203 1966 367 2047 gestarum
399 1985 436 2028 ac
472 1967 609 2027 mortem
648 1962 689 2027 ob
722 1984 790 2027 rem

823 1963 984 2045 publicam
1018 1964 1137 2049 obisse,
1175 1964 1377 2048 sepulchrum

203 2052 404 2134 Antiochiae,
435 2051 492 2114 ubi
525 2056 699 2134 crematae,
728 2052 870 2116 tribunal
898 2052 1123 2136 Epidaphnae,
1151 2075 1215 2136 quo
1245 2053 1280 2116 in
1306 2055 1378 2118 loco

164 2164 190 2204 ro
204 2140 304 2205 vitam
327 2140 463 2204 finierat.
509 2144 687 2205 statuarum
714 2142 913 2224 locorumve,
936 2143 970 2205 in
995 2142 1066 2225 quis
1079 2207 1081 2212 ,
1095 2143 1262 2225 coleretur,
1292 2144 1378 2206 haud

203 2228 297 2294 facile
325 2228 397 2313 quis
425 2230 732 2330 numerum-,inierit
780 2252 852 2295 cum
881 2234 1064 2295 censeretur
1091 2231 1212 2313 clipeus
1240 2254 1317 2295 auro
1347 2235 1379 2295 et

432 2328 445 2334 .,
578 2333 580 2338 ,
645 2316 669 2332 w·
682 2317 721 2324 ”·-
736 2317 740 2323 ’

419 2334 491 2406 ’111111
701 2341 708 2347 '⁴
750 2339 777 2363 ⁴⁹*

418 2406 433 2418 ιι
447 2405 465 2421 -d
480 2394 508 2421 J*
529 2423 552 2434 m
574 2417 577 2422 ,
634 2388 658 2420 ,Τ
669 2389 725 2422 ,ἴῃ-,κ
739 2403 743 2408 “

731 2422 792 2460 n

241 2464 281 2511 12.
296 2476 380 2526 aeque
394 2462 465 2511 statt
479 2448 513 2512 rie
525 2450 691 2527 Equidem,
710 2460 763 2511 wie

204 2537 229 2595 4,
245 2536 288 2596 34,
303 2530 376 2583 diter
393 2548 452 2584 uec:
481 2530 547 2584 hist.
567 2537 591 2595 4,
612 2536 646 2583 34
662 2532 763 2585 Vocula

202 2620 251 2656 uec
282 2602 428 2655 adveutum
462 2603 580 2656 bostium
613 2602 765 2670 implorauit

203 2691 229 2726 u.
250 2678 274 2726 ὃ.
294 2672 421 2742 (Madvig
440 2672 474 2724 de
493 2673 554 2725 fin³
573 2672 682 2740 803ff.).

240 2749 281 2796 15.
296 2746 389 2798 statim
404 2746 466 2809 cet,
482 2744 543 2796 eine
559 2743 665 2797 seltene
681 2745 763 2798 Form

204 2814 253 2866 der
267 2814 427 2883 Anaphora,
447 2815 519 2867 auch
540 2821 562 2878 1,
579 2821 612 2868 28
623 2818 765 2884 priuatum

203 2888 323 2955 qratiam
345 2888 438 2940 statim
456 2904 586 2951 mereare,
611 2889 704 2941 statim
722 2904 762 2940 re-

204 2973 299 3024 cepres.

242 3032 282 3080 16.
309 3029 401 3081 leuiter·
419 3028 518 3081 audita
537 3027 645 3093 ‘leores
665 3046 763 3081 unver-

204 3098 319 3166 biirgtes
339 3096 483 3163 Gerficht’,
506 3097 562 3167 vgl.
583 3097 659 3153 Caes.
684 3099 710 3153 b.
731 3099 762 3153 G.

206 3175 229 3235 7,
245 3174 314 3235 42,2
329 3176 360 3223 ai
374 3172 454 3223 leuem
469 3172 637 3224 auditionem
646 3172 764 3225 bubeuut

199 3257 253 3310 pro
270 3258 300 3300 re
318 3246 460 3310 comperta.

241 3316 282 3365 20.
311 3318 427 3379 tempore
449 3330 482 3367 ac
505 3314 607 3380 spatio,
634 3311 690 3367 iud.
712 3314 763 3366 wie

204 3383 276 3438 Hirt.
305 3384 331 3438 b.
359 3382 391 3437 G.
412 3389 440 3450 8,
461 3389 492 3436 31
522 3385 587 3438 dato
614 3387 704 3452 spatio
732 3403 765 3439 ac
798 3427 800 3429 .

204 3462 332 3524 tempore,
356 3453 411 3509 Oic.
436 3473 463 3523 p.
488 3453 599 3520 Quinct.
621 3462 685 3521 1,1
708 3458 766 3510 uisi

204 3534 307 3596 tempus
326 3533 351 3581 et
368 3529 488 3595 spatium
507 3528 602 3581 datum
620 3529 664 3592 sit,
689 3546 716 3582 n.
737 3529 763 3582 d.

205 3605 233 3662 2,
262 3604 295 3652 26
324 3600 521 3653 couversioucm
552 3601 705 3667 spatiorum
732 3618 765 3653 ac

204 3677 364 3738 temporum
383 3668 439 3738 vgl.
458 3669 524 3740 hist.
545 3675 568 3734 2,
589 3676 621 3723 37
643 3671 764 3738 spatium

204 3759 237 3794 uc
268 3757 366 3794 moras.
400 3772 434 3780 -
467 3740 588 3793 Ahnlich
616 3742 765 3794 verbindet

204 3811 301 3865 Florus
330 3830 357 3880 p.
377 3817 454 3875 95,1
483 3815 557 3866 locus
584 3818 609 3866 et
635 3815 763 3882 spatium.

240 3882 288 3938 83.
315 3889 337 3937 1.
364 3885 505 3953 iupeuium
524 3883 696 3951 ‘Phantesia
715 3884 764 3936 Er-

204 3954 428 4023 findungsgabe'.

241 4030 264 4077 2.
284 4024 341 4077 Der
355 4025 482 4093 Hymnus
498 4027 547 4079 der
561 4025 651 4079 Salier
667 4025 763 4095 (Mars-

205 4096 334 4164 priester)
367 4100 498 4150 stammte
531 4096 681 4166 angeblich
714 4114 764 4150 aus

206 4166 256 4218 der
274 4166 335 4219 Zeit
353 4167 402 4220 des
421 4167 514 4221 Numa
533 4169 591 4221 und
610 4184 667 4220 war
685 4168 765 4221 nicht

204 4237 284 4291 mehr
310 4239 510 4292 verstiindlich.
549 4239 586 4292 Er
612 4238 690 4292 ward
718 4239 765 4292 bei

196 4309 255 4360 >der
287 4307 468 4364 offentlichen
494 4310 656 4364 Prozession
684 4314 766 4364 unter

204 4378 418 4432 Waffent‘etnzen
451 4397 602 4451 gesungen.
636 4413 670 4421 —
700 4381 765 4435 Die-

205 4448 282 4502 sclbe
302 4450 387 4516 Ehre,
410 4450 464 4503 wie
483 4450 544 4503 hier
569 4452 633 4504 dem
652 4452 766 4506 Germa-

818 2459 906 2524 nicus,
926 2458 1079 2511 widerfuhr
1097 2460 1183 2512 sehon
1202 2458 1298 2512 friiher
1316 2460 1379 2512 dem

818 2531 971 2599 Augustas.

854 2607 879 2654 3.
907 2619 961 2656 sac.
982 2602 1055 2671 Aup.
1075 2603 1148 2666 locis,
1168 2602 1194 2653 d.
1210 2601 1237 2653 h.
1261 2601 1378 2667 fiberall,

819 2690 861 2725 wo
886 2673 932 2725 die
950 2675 983 2725 A.
1002 2672 1098 2725 Pliitze
1124 2672 1231 2726 hatten.
1252 2704 1286 2712 -
1306 2661 1381 2726 liber

819 2744 865 2796 die
885 2745 1051 2814 Aupustoles
1069 2743 1125 2813 vgl.
1147 2750 1170 2808 1,
1191 2749 1233 2797 54.

855 2820 879 2867 4.
909 2832 1041 2884 querceae.
1076 2814 1206 2868 Gemeint
1220 2815 1259 2868 ist
1273 2815 1319 2867 die
1337 2833 1379 2869 co·

818 2903 888 2940 roua
907 2888 993 2940 civica
1012 2887 1068 2954 (ob
1087 2889 1154 2940 civis
1175 2888 1304 2941 seruatos'
1333 2887 1384 2939 auf

818 2958 956 3025 Mfinzen).
975 2990 1008 2997 —
1023 2956 1074 3009 Die
1089 2957 1168 3010 Form
1178 2959 1299 3012 eburnus
1309 2961 1380 3011 statt

819 3030 952 3083 eburneus
979 3028 1061 3097 (auch
1090 3036 1119 3093 4,
1148 3030 1192 3096 26)
1231 3029 1269 3081 ist
1301 3029 1380 3081 mehr

819 3099 998 3153 dichterisch.
1024 3132 1056 3138 —
1077 3101 1155 3153 ludos
1166 3102 1285 3168 praeire,
1305 3101 1332 3153 d.
1351 3100 1377 3151 h.

818 3188 868 3225 vor
887 3171 941 3224 den
961 3170 1074 3239 Spielen
1093 3170 1122 3223 in
1138 3170 1301 3224 Procession
1319 3189 1379 3224 um-

819 3243 1005 3312 hergetragen
1023 3243 1142 3296 worden.
1171 3242 1203 3294 ln
1223 3242 1314 3296 dieser
1327 3242 1379 3294 Be-

820 3314 1176 3384 deutung(‘vorangehcn’t
1187 3313 1264 3367 steht
1269 3315 1379 3383 praeire

819 3403 872 3437 nur
885 3385 916 3438 in
930 3386 985 3437 den
998 3383 1127 3437 Annalen
1140 3384 1193 3437 mit
1208 3385 1272 3437 dem
1282 3384 1378 3437 Akhu-

821 3456 903 3523 satir,
914 3459 992 3509 sonst
999 3455 1045 3508 bei
1050 3455 1378 3510 keinemSchrit'tsteller.

855 3534 879 3581 ὅ.
908 3529 1008 3596 stamen
1027 3527 1085 3580 scil.
1106 3529 1234 3597 Augusti.

818 3612 820 3616 ’
855 3604 879 3652 8.
900 3601 932 3653 ob
942 3600 1080 3666 rempubl.
1095 3601 1187 3663 obisse,
1202 3598 1379 3651 technischer

819 3670 980 3735 Ausdruch,
999 3670 1051 3730 wie
1072 3676 1100 3735 3,
1121 3676 1149 3735 63
1175 3669 1230 3724 Cic.
1254 3669 1289 3721 de
1307 3672 1378 3722 orat.

821 3750 849 3806 2,
869 3749 902 3795 61
927 3760 960 3795 ear
978 3744 1087 3795 cunae
1111 3743 1144 3795 ob
1162 3758 1243 3809 remp
1263 3746 1377 3809 accepto.

820 3812 889 3865 Zum
902 3814 967 3866 Ace.
992 3829 1014 3864 c.
1029 3812 1081 3865 lnf.
1101 3831 1122 3865 a.
1138 3811 1210 3866 Einl.
1230 3818 1246 3877 ξ
1263 3817 1321 3877 116,
1338 3816 1378 3865 13.

857 3889 881 3937 9.
909 3885 1034 3938 tribuual
1057 3884 1131 3936 ‘eine
1159 3883 1379 3949 Treuerbiihne’,

819 3955 872 4007 wie
901 3955 941 4008 sie
972 3954 1023 4007 auf
1052 3954 1221 4008 lnschriften
1253 3955 1380 4007 erwi'ahnt

819 4026 898 4079 wird.
932 4058 965 4064 —-
999 4026 1184 4095 Epidapbaae
1211 4025 1282 4095 irrig
1309 4029 1379 4079 statt

819 4098 897 4167 apud
911 4099 1057 4166 Dapbaeu.
1080 4096 1137 4150 Das
1148 4097 1379 4165 syrischeAntio·

820 4169 884 4221 chia
915 4170 995 4222 hatte
1026 4170 1081 4223 don
1109 4168 1379 4221 unterscheidenden

820 4239 1004 4308 Bcinameni]
1025 4241 1071 4295 ἐπὶ
1089 4239 1210 4308 Δάφνης
1227 4239 1302 4293 nach
1317 4241 1380 4292 dem

820 4310 895 4363 Hain
913 4312 971 4364 und
990 4311 1198 4364 Vorst'adtchen
1217 4310 1343 4379 Daphne.

858 4390 899 4435 11.
928 4384 1037 4451 clipeus.
1066 4382 1176 4434 Anden
1185 4382 1317 4435 Winden
1331 4382 1381 4434 der
1433 4409 1440 4420 .

820 4453 1029 4521 palatinischen
1051 4452 1216 4506 Bibliothelr
1239 4452 1379 4506 befanden
