3092 4834
557 254 667 310 arasa
684 256 705 309 1.
742 255 819 310 ose.
840 260 953 309 ee-es.
1299 251 1342 318 87

161 419 230 483 bus
261 418 370 483 tutior.
417 415 553 483 Caecina
585 422 749 503 comperto
778 441 893 484 vanam
925 439 995 483 esse
1021 415 1239 499 formidinem,
1270 437 1343 481 eum
1384 441 1399 482 s

161 512 277 573 tamen
307 529 411 592 neque
442 508 634 573 auctoritate
664 529 769 592 neque
801 507 966 593 precibus,
1002 528 1043 570 ne
1079 528 1176 571 manu
1213 505 1343 587 quidem

162 597 326 661 obsistere
343 600 399 661 aut
416 598 553 661 retinere
570 597 706 662 militem
730 598 845 681 quiret,
867 598 1030 681 proiectus
1049 596 1084 659 in
1100 594 1212 660 limine
1229 597 1343 678 portae

161 685 372 752 :miseratione
391 685 527 768 demum,
546 685 622 770 quia
639 709 698 771 per
716 708 832 771 corpus
851 685 951 772 legati
972 684 1111 750 eundum
1130 686 1209 767 erat,
1227 682 1343 749 elausit

168 775 261 839 viam.
308 774 405 839 simul
430 775 555 841 tribuni
582 779 615 839 et
644 776 847 841 centuriones
874 775 993 839 falsum
1015 793 1166 858 pavorem
1198 793 1266 837 esse
1289 771 1344 836 do-

161 867 314 928 cuerunt.
1368 887 1395 928 ro

259 950 350 1018 Tune
372 955 555 1017 contractos
577 954 612 1017 in
634 953 794 1038 principia
816 954 984 1037 iussosque
1008 951 1095 1016 dicta
1117 973 1190 1016 cum
1213 949 1343 1014 silentio
1353 949 1396 1014 6'1

162 1041 314 1126 ‚accipere
336 1042 490 1126 temporis
513 1064 551 1107 ac
573 1041 773 1107 necessitatis
796 1046 913 1106 monet.
959 1063 1055 1106 unam
1083 1043 1118 1105 in
1141 1038 1238 1105 armis
1261 1038 1344 1104 salu-

162 1134 247 1215 ·tem,
275 1131 331 1195 sed
359 1151 396 1194 ea
420 1129 556 1195 consitio
583 1132 791 1215 temperanda
817 1130 1073 1213 manendumque
1100 1132 1188 1193 intra
1215 1127 1344 1211 vallum,

161 1218 271 1285 donee
293 1219 501 1305 expugnandi
527 1219 639 1284 hostes
666 1242 723 1305 spe
749 1221 883 1305 propius
907 1219 1125 1303 succederent3
1153 1239 1230 1283 mox
1252 1217 1344 1282 undi-

167 1330 231 1392 que
253 1308 496 1392 erumpendum:
525 1307 582 1373 illa
608 1308 777 1393 eruptione
804 1309 845 1373 ad
868 1308 1018 1373 Rhenum
1041 1305 1210 1392 perveniri.
1257 1307 1344 1391 quod
1384 1332 1398 1372 s

161 1397 196 1461 :si
223 1397 386 1483 fugerent,
413 1397 515 1481 pluris
539 1397 649 1483 silvas,
676 1398 854 1483 profundas
882 1397 985 1484 magis
1007 1397 1154 1481 paludes,
1177 1397 1343 1461 saevitiam

161 1486 311 1552 hostium
340 1508 519 1572 superesse3
547 1491 581 1552 at
610 1487 788 1552 victoribus
816 1486 927 1569 decus,
955 1485 1100 1572 gloriam.
1146 1507 1227 1570 quae
1257 1483 1344 1549 domi

162 1597 255 1658 cara,
282 1598 364 1659 quae
391 1577 425 1640 in
454 1576 569 1643 castris
596 1575 744 1660 honesta,
771 1580 941 1654 memorat3
968 1575 1098 1641 reticuit
1125 1574 1164 1638 de
1193 1574 1345 1639 adversis.

166 1686 268 1748 equos
301 1663 430 1748 dehinc,
462 1687 555 1730 orsus
583 1687 602 1728 a
629 1666 710 1750 suis,
741 1666 923 1752 legatorum
956 1664 1223 1747 tribunorumque
1255 1664 1345 1728 nulla

160 1754 344 1819 ambitione
367 1753 544 1819 fortissimo
568 1755 684 1839 cuique
708 1754 858 1821 bellatori
881 1753 993 1837 tradit,
1016 1758 1053 1817 ut
1076 1752 1124 1837 hi,
1147 1774 1224 1818 mox
1246 1751 1344 1837 pedes
1372 1781 1399 1820 ro

162 1844 203 1907 in
223 1842 350 1907 hostem
373 1844 567 1908 invaderent.

178 2004 180 2008 ¹
257 1930 354 1996 Haud
381 1934 489 1997 minus
518 1933 645 2016 inquies
674 1930 852 1998 Germanus
876 1954 946 2016 spe,
976 1932 1126 2015 cupidine
1154 1935 1186 1996 et
1209 1930 1344 1995 diversis
1353 1931 1397 1997 68

161 2020 286 2086 dueum
314 2023 482 2086 sententiis
506 2022 635 2107 agebat,
663 2021 812 2086 Arminio
836 2022 978 2086 sinerent
1001 2020 1111 2108 egredi
1134 2041 1345 2107 egressosque

163 2132 296 2174 rursum
322 2131 381 2192 per
408 2111 518 2174 umida
545 2113 578 2174 et
604 2110 749 2194 inpedita
772 2111 1041 2176 circumvenirent
1063 2109 1231 2193 suadente,
1261 2112 1345 2173 atro·

163 2198 258 2262 oiora
279 2196 486 2282 lnguiomero
510 2202 542 2262 et
562 2200 649 2263 laeta
671 2199 825 2282 barbaris,
848 2202 886 2264 ut
908 2199 1029 2264 vallum
1052 2200 1148 2263 armis
1172 2198 1343 2264 ambirent:

167 2289 353 2371 promptam
381 2286 666 2371 expugnationem,
695 2289 804 2373 plures
828 2288 986 2372 captivos,
1013 2289 1234 2370 incorruptam
1255 2308 1342 2371 prae-
1385 2312 1398 2353 s

164 2375 245 2440 dam
277 2375 356 2440 fore.
402 2376 503 2462 igitur
535 2380 606 2440 orta
637 2376 688 2443 die
720 2381 879 2461 proruunt
909 2376 1027 2460 fossas,
1063 2376 1200 2441 iniciunt
1232 2380 1344 2459 crates,

169 2473 295 2529 summa
321 2463 400 2530 valli
426 2469 592 2549 prensant,
622 2488 695 2530 raro
723 2488 821 2550 super
847 2465 951 2529 milite
979 2470 1011 2529 et
1038 2466 1130 2548 quasi
1158 2465 1199 2528 ob
1223 2468 1344 2528 metum

163 2553 283 2618 defixo.
316 2556 489 2638 postquam
503 2553 633 2619 haesere
652 2554 870 2639 munimentis,
888 2555 984 2619 datur
1001 2553 1191 2618 cohortibus
1215 2555 1344 2638 signum

161 2664 351 2727 cornuaque
375 2665 412 2708 aa
435 2643 532 2708 tubae
555 2646 754 2708 concinuere.
797 2645 871 2708 exin
894 2643 1031 2708 clamore
1050 2647 1081 2707 et
1101 2644 1224 2726 impetu
1243 2643 1344 2728 tergis

169 2730 402 2797 Germanorum
436 2733 752 2818 circumfunduntur,
789 2732 1018 2817 exprobrantes
1054 2754 1120 2798 non
1157 2731 1210 2796 hic
1246 2730 1344 2796 silvas

163 2842 229 2887 nec
260 2821 409 2905 paludes,
441 2822 497 2886 sed
529 2824 640 2906 aequis
668 2822 748 2886 locis
777 2843 896 2907 aequos
924 2822 1009 2887 deos.
1055 2821 1143 2886 hosti
1168 2820 1263 2885 facile
1293 2842 1344 2885 ex·
1462 2861 1464 2864 .

164 2909 289 2974 cidium
307 2914 340 2974 et
358 2932 479 2996 paucos
501 2932 539 2976 ac
557 2933 729 2976 semermos
752 2911 912 2995 cogitanti
935 2932 1034 2974 sonus
1053 2910 1212 2996 tubarum,
1233 2910 1344 2996 fulgor

162 3020 346 3083 armorum,
383 3004 504 3082 quanto
537 3000 684 3086 inopina,
715 3004 807 3065 tento
841 3001 962 3064 maiora
995 2999 1217 3082 offrmduntur,
1254 2999 1345 3066 cade·

167 3088 319 3173 bantque,
337 3093 376 3153 ut
394 3088 489 3153 rebus
508 3089 656 3155 secundis
675 3089 770 3175 avidi,
789 3091 836 3154 ita
853 3089 995 3154 adversis
1014 3089 1145 3155 incauti.
1176 3087 1344 3154 Arminius
1427 3129 1430 3134 <

204 3233 229 3283 8.
252 3244 313 3296 per,
331 3228 384 3282 wie
403 3228 461 3281 Liv.
482 3234 507 3295 1,
526 3234 560 3282 48
576 3229 730 3298 perpetres
783 3227 983 3299 Bdsehungen,
1009 3229 1082 3283 nach
1104 3244 1189 3282 vome
1211 3230 1344 3297 gestitat,

162 3314 267 3423 eorpus
284 3306 359 3354 necta
377 3297 499 3369 (Tvrllia).
784 3300 899 3353 dienten
930 3317 979 3353 zur
1010 3298 1189 3370 Ansfdllung.
1235 3298 1344 3353 Anders

227 3370 254 3424 7.
282 3375 307 3425 2.
335 3387 442 3426 monere
454 3371 509 3423 mit
522 3370 586 3424 dem
602 3370 728 3438 (tenetis,
782 3370 933 3425 noehbiv.
953 3376 978 3438 9,
998 3371 1345 3439 recompensemus

164 3439 242 3495 nach
259 3440 399 3511 Analogia
418 3442 469 3494 der
486 3440 656 3511 Composita.
783 3444 929 3512 explerent,
950 3459 1020 3510 pare
1037 3443 1165 3498 vellerent
1180 3443 1283 3496 vallum
1302 3448 1344 3495 nt·

203 3517 228 3566 4.
245 3514 574 3584 ecprqnonditoeteeape
585 3512 729 3567 aurWort
783 3531 834 3582 qne
851 3516 883 3567 in
899 3513 990 3579 fossae
1006 3518 1174 3584 proruerent.

166 3582 293 3653 stellung
323 3582 379 3654 vgl.
412 3602 434 3638 z.
462 3583 493 3636 B.
528 3588 609 3650 14‚2
642 3585 731 3640 audit
820 3589 844 3638 7.
875 3602 1008 3654 prensare
1039 3583 1077 3638 ist
1107 3584 1137 3638 in
1169 3583 1261 3637 dieser
1292 3583 1343 3637 Be·

166 3654 284 3710 aaaron
314 3656 413 3710 ardore
438 3657 597 3711 retinendae
625 3657 727 3726 Agrip·
782 3655 910 3726 deutung
946 3654 1128 3722 diehterisch,
1170 3654 1223 3708 wie
1259 3653 1343 3724 Verg.

160 3726 264 3794 pinam
273 3728 413 3796 potentiae
427 3743 456 3782 eo
469 3743 554 3796 neque
562 3734 727 3796 provectam.
784 3727 851 3781 Aen.
863 3734 888 3793 2,
906 3733 1100 3797 444preneant
1107 3728 1223 3797 fastigia
1232 3727 1344 3780 dextris.

204 3802 229 3850 9.
257 3798 338 3851 nullo
352 3799 508 3866 ambitione,
524 3797 607 3852 ‘ohne
621 3797 728 3852 Pantei-
819 3803 843 3852 8.
862 3799 969 3854 noeane
984 3798 1037 3852 ‘sie
1047 3797 1160 3868 bingen,
1172 3797 1344 3851 sasseniest'.

166 3866 296 3933 iichkeit,
309 3868 382 3922 ohne
393 3868 524 3923 Ansehen
539 3870 589 3923 der
602 3869 728 3937 Person',
782 3868 839 3922 Der
865 3868 951 3922 Dativ
979 3869 1155 3925 munimentis
1181 3868 1235 3922 wie
1265 3874 1290 3937 2,
1311 3873 1344 3921 14

167 3956 189 3993 s.
209 3956 244 3993 au
262 3944 288 4008 4,
308 3945 350 3994 64.
783 3942 891 4010 corpori
914 3941 972 3994 und
995 3940 1082 3994 sehon
1105 3939 1152 3994 bei
1175 3939 1270 3995 Cicero
1293 3957 1345 4009 pro

203 4009 253 4065 68.
283 4018 306 4066 1.
333 3998 409 4066 tiber
426 4019 452 4067 et
470 4011 512 4065 als
530 4010 631 4066 drittes
651 4011 729 4066 Sata·
782 4012 863 4066 Rosa.
881 4028 950 4066 eom.
967 4019 992 4075 6,
1007 4017 1049 4079 17,
1067 4027 1118 4081 pro
1133 4010 1223 4065 Sestio
1243 4017 1285 4077 29,
1301 4017 1344 4065 611.

164 4079 245 4151 glied
264 4099 284 4135 s.
303 4081 377 4148 Einl.
396 4088 468 4148 §eL
622 4147 624 4152 Ι
819 4088 843 4137 9.
871 4071 947 4138 Uber
969 4083 1015 4137 die
1034 4081 1167 4136 Ablative
1184 4084 1301 4138 elamore
1319 4090 1345 4137 et

202 4159 228 4207 4.
256 4154 360 4209 ambire
382 4152 424 4207 als
442 4152 642 4208 militanscher
662 4153 728 4208 Ter·
782 4155 884 4226 impetu
902 4172 923 4209 s.
944 4171 978 4206 au
997 4171 1019 4208 c.
1040 4159 1082 4208 59.

166 4223 259 4278 minna
278 4227 349 4279 statt
366 4226 548 4292 circundare,
566 4227 673 4297 cingere
690 4224 729 4280 ist
820 4231 861 4279 12.
898 4242 1042 4280 eemnrnne
1068 4223 1115 4278 bei
1142 4224 1208 4279 Tae.
1236 4225 1345 4290 immas,

164 4293 303 4350 silbemes
321 4296 429 4352 Latein.
781 4298 917 4351 semerneia
933 4294 981 4349 bei
998 4295 1103 4349 Livius.

203 4373 227 4421 6.
262 4375 403 4437 prorrnrnt
420 4369 523 4434 ‚fossae
547 4367 604 4421 '‘sie
631 4366 727 4420 reissen
819 4372 860 4420 18.
888 4354 965 4420 Uber
988 4367 1039 4421 das
1058 4365 1189 4420 fehlende
1207 4368 1295 4438 magis
1313 4364 1344 4416 in

167 4436 214 4492 die
246 4437 358 4493 Graben
391 4437 458 4494 ein’.
515 4438 568 4492 Die
604 4437 728 4493 Aubereo
783 4443 886 4507 quanto
904 4439 1022 4508 inopina
1041 4456 1062 4491 s.
1081 4437 1153 4490 Einl.
1175 4443 1189 4501 ξ
1209 4442 1253 4501 97,
1271 4436 1299 4488 b.
