3092 4834
547 231 655 286 LIBER
673 231 720 286 111.
759 229 836 286 oar.
855 234 969 285 ss—co.
1281 228 1342 293 197

171 395 336 458 berentur:
378 415 465 458 nunc
507 393 601 458 deum
642 415 774 458 munere
816 414 975 457 summum
1019 392 1205 475 pontificum
1244 391 1343 456 etiam

173 504 335 546 summum
358 482 526 546 homiuum
554 503 638 561 esse,
661 504 726 548 non
754 481 979 563 aemulationi,
1000 502 1066 546 non
1094 481 1168 545 odio
1196 486 1254 545 aut
1279 481 1340 565 pri·
1363 492 1396 544 16

173 572 257 636 vatis
282 570 517 635 adfectionibus
541 572 727 636 obnoxium.

262 659 425 724 Adversus
448 681 530 742 quae
553 681 627 725 cum
651 680 754 745 augur
776 658 930 724 Lentulus
955 657 1074 741 aliique
1096 656 1185 721 varie
1209 655 1395 722 dissere-59

173 752 257 831 rent,
280 769 318 812 eo
342 748 511 812 decursum
540 752 599 830 est,
622 751 659 812 ut
684 747 848 832 pontificis
871 746 1004 811 maximi
1030 746 1225 810 sententiam
1249 765 1344 829 oppe-

173 837 325 901 rirentur.
367 836 516 900 Tiberius
535 836 636 900 dilata
654 837 788 901 notione
807 836 846 900 de
869 835 938 900 iure
959 833 1110 915 flaminis,
1133 833 1278 897 decretas
1302 832 1343 898 ob

171 924 378 989 tribuniciam
399 923 498 989 Drusi
517 929 712 1008 potestatem
737 924 949 990 caerimonias
974 922 1179 1005 temperavit,
1197 920 1343 986 nomina·

172 1014 231 1077 tim
261 1034 399 1097 arguens
430 1013 639 1078 insolentiam
667 1015 845 1079 sententiae
873 1031 1050 1094 aureasque
1077 1010 1203 1074 litteras
1231 1011 1345 1074 contra
1380 1022 1398 1073 6

171 1101 314 1185 patrium
341 1122 475 1167 morem.
525 1102 679 1167 recitatae
707 1109 740 1167 et
768 1101 868 1167 Drusi
895 1100 1052 1185 epistulae
1080 1119 1276 1184 quamquam
1305 1096 1345 1160 ad

173 1190 367 1254 modestiam
389 1189 492 1254 flexae
514 1212 574 1274 pro
593 1190 835 1275 superbissimis
854 1191 1065 1273 accipiuntur.
1106 1187 1169 1251 huc
1188 1186 1345 1251 decidisse

172 1282 302 1362 cuncta,
333 1281 371 1342 ut
401 1300 443 1343 ne
475 1279 600 1343 iuvenis
634 1280 762 1364 quidem
794 1283 889 1344 tanto
921 1277 1044 1343 honore
1077 1279 1208 1358 accepto
1242 1275 1346 1340 adiret

172 1366 261 1431 urbis
298 1367 389 1449 deos,
425 1367 647 1451 ingrederetur
687 1372 850 1448 senatum,
887 1366 1032 1450 auspicia
1069 1365 1184 1430 saltem
1221 1363 1344 1449 gentile

170 1454 254 1539 apud
287 1456 391 1520 solum
424 1455 588 1538 inciperet
640 1457 760 1521 bellum
792 1456 916 1522 scilicet
944 1459 1001 1520 aut
1028 1453 1155 1518 diverso
1182 1455 1343 1518 mnarum
1365 1466 1397 1515 ιο

76 1575 78 1578 ·
170 1543 328 1627 distineri,
345 1543 444 1608 litora
467 1552 500 1608 et
523 1544 611 1610 lacus
632 1543 830 1629 Campaniae
854 1566 926 1610 cum
945 1544 1085 1608 maxime
1103 1545 1342 1626 peragrantem.

171 1632 217 1695 sic
236 1632 339 1695 imbui
356 1636 514 1697 rectorem
534 1635 663 1718 generis
683 1635 827 1712 humani,
844 1633 879 1697 id
897 1633 1039 1717 primum
1063 1652 1080 1695 e
1101 1629 1245 1713 paternis
1269 1651 1342 1695 cou-

170 1719 252 1783 siliis
270 1719 399 1785 discere.
427 1742 505 1785 sane
520 1727 709 1807 gravaretur
726 1726 893 1807 aspectum
913 1721 1031 1786 civium
1051 1740 1149 1785 senex
1167 1720 1343 1803 imperator

168 1807 351 1892 fossamque
375 1812 514 1873 aetatem
538 1814 571 1873 et
594 1814 684 1876 actos
707 1812 836 1877 labores
860 1809 1101 1894 praetenderet:
1127 1807 1235 1874 Druso
1258 1806 1342 1892 quod

168 1896 232 1961 nisi
257 1919 296 1960 ex
319 1895 513 1979 adrogantis
534 1876 823 1982 impedimentum?
1364 1905 1398 1955 ¹⁶

259 1983 321 2049 Sed
340 1984 499 2069 Tiberius,
518 1986 584 2049 vim
603 1986 804 2073 principatus
824 1987 887 2053 sibi
905 1988 1048 2067 firmans,
1067 1986 1241 2070 imaginem
1261 1984 1340 2049 anti
1353 1979 1398 2044 60

170 2074 303 2157 quatitis
332 2073 458 2137 senatui
481 2075 674 2157 praebebat,
697 2078 865 2159 postulata
892 2076 1133 2161 provinciarum
1161 2074 1201 2138 ad
1225 2072 1342 2157 disqui-

170 2162 320 2226 sitionem
354 2165 483 2244 patrum
514 2162 682 2228 mittendo.
737 2164 961 2229 crebrescebat
992 2163 1079 2228 enim
1114 2161 1253 2227 Graecas
1285 2183 1343 2246 per

171 2251 268 2315 urbes
290 2250 424 2314 licentis
446 2254 543 2335 atque
566 2251 744 2335 impunitas
768 2252 859 2336 asyla
888 2252 1061 2316 statuendi.
1107 2250 1344 2334 conplebantur

170 2340 293 2422 templa
320 2338 469 2423 pessimis
497 2339 718 2426 servitiorum3
748 2342 862 2407 eodem
890 2340 1035 2405 subsidio
1052 2339 1207 2416 ‚obaerati
1235 2339 1343 2403 adver·
1380 2350 1397 2399 o

206 2548 299 2604 59.1.
322 2565 415 2618 dapar
432 2547 577 2604 Lentulus.
615 2550 730 2605 Tacitus
784 2551 889 2622 oppida
915 2548 973 2603 und
1001 2547 1051 2602 oft.
1095 2532 1171 2600 llbcr
1198 2546 1244 2599 die
1269 2546 1342 2601 Kon-

169 2618 249 2673 stellt
266 2618 362 2689 haufig
379 2619 434 2673 den
451 2617 598 2675 Amtstitel
611 2638 662 2677 vor
675 2621 730 2676 den
785 2619 927 2676 atruktion
944 2619 997 2673 mit
1014 2619 1079 2672 dem
1097 2614 1217 2671 (tenetis
1236 2634 1257 2671 s.
1272 2616 1344 2673 Elinl.

170 2689 375 2757 Eigcnnamen,
402 2705 460 2743 was
489 2689 537 2745 bei
567 2691 731 2746 Klassikern
785 2699 809 2759 ξ.
831 2697 874 2760 40,
893 2709 917 2745 a.

170 2778 224 2813 nur
241 2759 289 2813 bei
306 2762 454 2828 imperator
468 2760 588 2829 (Kaisar)
606 2764 664 2816 und
682 2780 731 2818 rer
822 2770 863 2817 11.
883 2778 945 2817 cam
962 2761 1079 2815 maxime
1104 2758 1224 2828 ‘gerade
1243 2757 1344 2828 jetat’,

170 2829 305 2899 (insofern
315 2828 390 2885 Volk
404 2847 476 2901 resp.
486 2832 565 2885 Laud
579 2833 731 2887 nichtmit
785 2835 838 2889 wie
856 2838 887 2901 4,
911 2839 945 2888 27
964 2835 1131 2900 coeptantem
1148 2846 1209 2885 eum
1226 2830 1346 2884 maxim

169 2902 294 2971 genennt
312 2900 386 2971 sind)
400 2900 489 2970 Rege]
506 2903 552 2957 ist.
586 2904 649 2973 Vgl.
665 2905 730 2960 hist.
785 2905 1001 2961 coadorota'oraem
1015 2903 1134 2968 disiecta
1153 2902 1345 2956 cummaxime

170 2978 195 3041 2,
213 2978 244 3026 12
259 2979 427 3041 procurator
445 2973 570 3043 Marias,
591 2982 614 3042 1,
630 2981 664 3030 96
682 2977 731 3029 a'm-
786 3002 820 3022 ==
838 2991 914 3031 rarae
941 2974 1012 3042 tam)
1028 2975 1070 3028 r'to
1087 2978 1119 3026 at
1132 2989 1194 3027 arm
1210 2989 1294 3039 mua,
1309 2970 1343 3025 cf.

167 3050 280 3113 perator
293 3043 445 3115 depactas,
462 3050 487 3111 6,
504 3051 517 3101 1
534 3044 636 3101 Caeam
651 3045 731 3102 Titus
754 3048 842 3102 scic.
868 3047 904 3101 ad
929 2978 1023 3111 baini.
1051 3044 1084 3098 fr.
1107 3048 1132 3112 2,
1156 3049 1182 3110 4,
1205 3050 1221 3098 6
1248 3044 1345 3099 domm

171 3131 197 3169 u.
212 3113 269 3183 dgl.
284 3132 321 3169 m.
359 3115 407 3169 Cn.
422 3113 568 3170 Cornelius
586 3116 730 3186 Lentulus,
784 3119 935 3174 celebratur
966 3118 1021 3182 ito,
1053 3121 1085 3169 ut
1115 3130 1197 3184 quom
1226 3116 1346 3170 moerime

171 3186 209 3239 im
228 3184 253 3240 J.
271 3190 303 3239 14
318 3204 343 3240 v.
360 3185 422 3241 Chr.
437 3186 551 3256 Konsul,
571 3187 635 3242 sehr
652 3187 731 3242 reich
785 3192 834 3258 (sc.
858 3189 1031 3253 celebrator),
1053 3202 1104 3254 pro
1124 3184 1233 3240 Cluent.
1257 3192 1286 3253 6,
1311 3191 1343 3238 12

171 3257 227 3310 und
241 3255 397 3326 habgierig,
412 3257 732 3313 sinsterilerGeistund
785 3261 891 3328 (mater)
916 3259 1014 3313 maltos
1036 3258 1093 3312 r'cm
1112 3272 1201 3311 aanor
1223 3262 1248 3312 et
1271 3272 1346 3311 aare

172 3326 329 3380 schlecbter
342 3327 461 3381 Rcdner.
488 3328 683 3384 NachSueton
696 3334 731 3384 19
785 3348 866 3401 qaum
901 3330 1018 3383 mosim
1048 3329 1138 3394 filiam
1174 3329 1346 3393 interfectam

171 3396 288 3450 braehte
311 3397 360 3449 ihu
376 3397 504 3452 Tiberius
522 3402 617 3467 spater
635 3400 730 3467 dahin,
784 3404 874 3470 capit,
897 3399 955 3455 Liv.
975 3404 1019 3465 99,
1039 3404 1085 3465 17,
1104 3404 1138 3452 20
1157 3399 1250 3451 omnia
1275 3414 1346 3467 quac

171 3464 233 3520 dass
247 3482 277 3520 er
287 3465 493 3547 sicbentlcibte
501 3469 559 3523 und
569 3471 623 3524 den
633 3471 732 3525 Kaisar
785 3478 881 3540 captae
897 3472 978 3525 arbes
991 3470 1144 3539 patiantur
1153 3470 1233 3538 possi
1249 3483 1345 3523 samm

172 3553 236 3590 aum
255 3534 407 3606 allernrgen
426 3539 517 3593 Erben
537 3541 679 3595 sinsetzte.
785 3548 811 3597 et
828 3558 908 3609 parom
925 3544 1043 3595 mamma
1057 3542 1191 3608 patimur.

209 3609 732 3679 3.rrotiostattcoyai1r'e,wie6,leand
821 3611 870 3667 69.
886 3616 911 3666 2.
925 3611 1006 3666 Nach
1019 3609 1345 3679 derrepubliliauischen

172 3677 259 3733 sebon
277 3677 324 3732 bei
342 3678 440 3734 Cicero
459 3699 481 3733 z.
496 3679 527 3734 B.
547 3682 582 3735 de
599 3680 654 3751 leg.
672 3700 730 3752 agr.
786 3683 960 3751 Vcrfassung
982 3683 1065 3735 stand
1093 3682 1138 3736 die
1161 3680 1345 3750 Entsendung

172 3754 247 3817 957.
267 3749 303 3803 So
313 3749 391 3803 steht
399 3766 507 3806 aescae
515 3749 561 3805 fur
569 3767 731 3823 cognoscere.
785 3754 844 3808 und
861 3753 1112 3823 Entgegennahme
1135 3768 1191 3806 von
1209 3753 1345 3808 Gesandt

208 3826 232 3875 5.
252 3836 402 3890 aereusque
419 3823 526 3877 litteras
551 3823 619 3877 ‘und
638 3824 731 3893 awar’,
786 3823 915 3879 schafteu
933 3824 997 3879 dem
1017 3823 1119 3878 Senats
1138 3841 1179 3878 au.

172 3910 192 3946 s.
212 3899 242 3959 6,
261 3897 309 3959 31,
328 3896 345 3944 8
363 3892 422 3945 und
442 3898 466 3961 1,
489 3898 533 3961 55,
551 3900 577 3951 9.
613 3892 666 3950 Die
688 3896 731 3949 ia·
822 3902 847 3952 4.
879 3897 1032 3965 impuritas
1064 3892 1345 3963 ‘Ungebundenheib

171 3963 287 4017 solertia
316 3965 464 4019 sententiae
496 3964 565 4031 geht
591 3966 652 4020 also
679 3983 732 4020 nur
786 3965 1108 4036 Schrankenlosigkeit’.
1159 3964 1252 4020 Schon
1289 3964 1344 4020 Cio.

172 4034 222 4087 auf
238 4032 370 4088 Haterius
389 4050 432 4104 cp.
447 4040 481 4089 67
498 4035 517 4091 f.
785 4038 863 4093 Brut.
883 4043 926 4105 91,
941 4043 993 4092 316
1012 4039 1075 4106 sagt
1092 4037 1118 4091 is
1135 4037 1210 4091 dedit
1228 4052 1346 4105 operam,

209 4110 250 4159 10.
274 4105 371 4160 bellam
394 4107 496 4161 scilicet
518 4123 577 4175 erg.
601 4124 655 4163 ease
677 4107 730 4162 wie
785 4115 817 4164 at
834 4111 918 4164 rima
934 4109 1119 4163 redundantes
1139 4122 1190 4162 raca
1212 4114 1237 4162 ct
1258 4123 1346 4175 sopra

172 4173 238 4229 hist.
251 4181 277 4243 4,
294 4180 327 4229 14
341 4193 426 4246 aeque
443 4178 516 4232 caim
532 4179 684 4235 caraem
699 4184 732 4233 at
785 4182 898 4248 fluentes
911 4179 1027 4234 iacendi
1040 4179 1160 4247 qaudam
1174 4179 1282 4234 dicendi
1295 4179 1345 4231 im·

171 4246 245 4312 clim,
260 4246 308 4302 sed
322 4252 460 4317 tamquam
472 4251 615 4318 mancipia
627 4250 730 4305 baberi.
780 4253 911 4319 parcitate
943 4254 968 4303 et
996 4250 1107 4304 licentio
1137 4252 1294 4318 reprimeret
1321 4253 1346 4302 et

172 4346 205 4355 -
228 4317 351 4372 diversus
375 4319 547 4388 ‘entlegen',
571 4319 624 4373 wie
649 4323 730 4386 1,17
785 4322 866 4390 quasi
889 4324 968 4374 extro
990 4321 1068 4389 ripas
1093 4321 1249 4389 diffluentes
1273 4333 1344 4372 coer·

171 4387 294 4443 diversas
311 4390 344 4442 r'rr
361 4394 456 4457 terras,
476 4396 504 4458 2,
516 4395 550 4444 60
568 4407 651 4460 mare,
670 4396 695 4458 3,
714 4396 729 4444 2
784 4396 861 4445 caret.
