3092 4834
226 290 291 353 114
377 288 407 342 P.
428 288 598 343 CORNELII
617 288 737 343 TACITI
755 288 804 342 AB
822 288 983 344 Excusso
1003 289 1080 344 DIVI
1099 289 1258 344 AUGUSTI

144 423 148 429 Δ
183 479 210 521 11
222 451 337 518 luxum
364 456 397 516 et
424 475 477 517 aes
505 452 659 537 ebenum,
687 454 795 519 socius
817 453 990 518 libidinum
1013 458 1046 518 et
1067 455 1309 539 necessitatum,
1338 478 1404 540 quo

129 531 147 644 J
224 542 373 627 pluribus
396 541 524 644 indiciis
547 541 707 628 inligaret.
777 631 783 644 θ
890 632 897 644 ⁸

179 632 221 697 28
311 630 358 697 Ut
390 636 469 696 satrs
500 632 633 696 testium
664 635 696 696 et
729 653 785 714 qur
815 654 900 697 servr
927 631 1036 697 eadem
1058 637 1229 698 noscerent
1251 635 1404 718 repperit,

223 721 347 785 aditum
378 721 418 785 ad
450 721 627 805 principem
660 720 817 806 postulat,
855 722 1073 786 demonstrato
1112 724 1245 788 crimine
1282 727 1315 787 et
1347 744 1403 788 reo

222 833 280 895 per
302 810 453 875 Flaccum
474 809 698 876 Vescularium
720 812 863 894 equitem
885 810 1075 894 Romanum,
1098 813 1150 875 cui
1173 813 1308 896 propior
1330 833 1404 877 cum

223 900 352 965 Tiberio
376 922 454 965 usus
477 903 555 965 erat.
584 898 701 964 Cacsar
722 899 877 964 indicium
900 900 987 964 haud
1005 904 1193 984 aspernatus
1213 923 1405 987 congressus

198 990 352 1060 aabnuit:
385 1011 481 1073 posse
508 990 594 1054 enim
623 989 734 1054 eodem
761 988 876 1053 Flacco
904 990 1103 1054 internuntio
1132 1013 1294 1055 sermones
1322 1011 1407 1056 com·

225 1101 339 1144 meare.
399 1083 496 1164 atque
529 1078 658 1143 interim
689 1077 847 1143 Libonem
879 1083 973 1143 ornat
1004 1083 1168 1163 praetura,
1205 1080 1405 1144 convictibus

226 1168 367 1252 adhibet,
389 1190 456 1233 non
478 1169 572 1233 vultu
595 1166 762 1252 alienatus,
785 1190 851 1232 non
874 1168 981 1232 verbis
1004 1169 1196 1234 commotior
1214 1167 1307 1256 (adeo
1326 1170 1407 1234 iram

228 1255 443 1346 condiderat);
464 1262 642 1340 cunctaque
657 1259 725 1322 eius
740 1258 825 1322 dicta
838 1257 997 1342 factaque,
1016 1279 1088 1321 cum
1102 1258 1273 1342 prohibere
1286 1262 1407 1343 posset,

228 1350 309 1413 scire
341 1346 495 1430 malebat,
530 1349 632 1412 donec
662 1345 775 1411 lunius
809 1347 953 1431 quidam,
989 1351 1165 1431 temptatus
1197 1353 1235 1413 ut
1265 1348 1406 1412 infernas

185 1468 212 1509 ro
226 1437 356 1503 umbras
389 1436 584 1502 carminibus
617 1437 758 1521 eliceret,
791 1436 832 1499 ad
859 1435 1041 1500 Fulcinium
1069 1436 1220 1502 Trionem
1250 1438 1407 1503 indicium

228 1528 352 1592 detulit.
399 1526 523 1592 celebre
556 1527 641 1590 inter
668 1530 868 1591 accusatores
896 1525 1025 1590 Trionis
1053 1526 1219 1612 ingenium
1247 1531 1315 1591 erat
1342 1527 1408 1591 avi-

227 1618 367 1699 dumque
399 1616 503 1680 famae
534 1618 645 1680 malae.
701 1615 811 1679 statim
843 1616 978 1699 corripit
1010 1637 1115 1698 reum,
1151 1616 1220 1680 adit
1251 1616 1407 1700 consules,

228 1707 445 1790 cognitionem
475 1709 604 1770 senatus
632 1706 746 1789 poscit.
801 1708 834 1767 et
860 1709 1017 1769 vocantur
1043 1709 1166 1789 patres,
1197 1705 1306 1770 addito
1335 1728 1408 1770 con·

227 1795 413 1859 sultandum
438 1816 533 1878 super
555 1816 589 1858 re
613 1815 729 1879 magna
752 1796 785 1856 et
808 1796 918 1857 atroci.

183 1890 226 1954 29
319 1884 402 1948 Libo
431 1884 559 1947 interim
587 1887 675 1947 veste
702 1885 827 1947 mutata
859 1905 932 1947 cum
964 1883 1162 1967 primoribus
1192 1884 1320 1949 feminis
1347 1884 1407 1947 cir-

230 1974 351 2038 cumire
375 1972 497 2054 domos,
521 1994 612 2036 orare
635 1972 765 2056 adfines,
789 1994 899 2037 vocem
920 1973 1087 2037 adversum
1105 1972 1248 2056 pericula
1266 1995 1407 2058 poscere,

229 2062 444 2127 abnuentibus
477 2063 614 2140 cunctis,
652 2083 724 2126 cum
757 2061 882 2126 diversa
913 2062 1171 2146 praetenderent,
1203 2063 1312 2127 eedem
1344 2063 1409 2126 for-

229 2151 358 2216 midine.
405 2150 456 2215 die
485 2155 613 2215 senatus
641 2155 729 2214 metu
757 2155 789 2214 et
817 2151 1017 2236 aegritudine
1044 2150 1162 2235 fessus,
1191 2153 1257 2216 sive
1284 2156 1407 2216 111111-

202 2241 338 2312 edidere
362 2240 500 2324 quidam,
525 2240 674 2304 simulato
699 2239 820 2319 morb0‚
843 2240 958 2305 lectica
981 2240 1105 2304 delatus
1129 2241 1278 2306 adfores
1302 2243 1408 2305 curiae

228 2332 416 2414 innisusque
449 2330 543 2394 fratri
575 2334 608 2395 et
639 2352 751 2394 manus
784 2352 822 2394 ac
854 2330 1014 2414 supplices
1046 2351 1142 2395 voces
1174 2331 1215 2394 ad
1244 2330 1408 2395 Tiberium

227 2420 362 2485 tendens
385 2420 521 2484 immoto
546 2422 613 2484 eius
636 2420 731 2484 vultu
754 2420 921 2503 excipitur.
958 2440 1035 2482 mox
1057 2419 1185 2483 libellos
1209 2424 1241 2484 et
1264 2424 1408 2483 auctores

227 2511 343 2576 recitat
371 2508 487 2574 Caesar
515 2512 561 2573 ita
587 2509 769 2589 moderans,
797 2530 837 2572 ne
865 2508 966 2572 lenire
993 2530 1073 2572 neve
1101 2530 1248 2593 asperare
1275 2509 1409 2573 crimina

227 2600 398 2665 videretur.

184 2695 229 2760 30
319 2688 531 2753 Accesserant
560 2690 687 2770 praeter
714 2684 865 2750 Trionem
893 2690 925 2749 et
953 2684 1069 2751 Catum
1099 2690 1298 2752 accusatores
1327 2685 1409 2751 Fon-

230 2845 317 2899 starb.
355 2845 417 2898 lhre
436 2845 543 2898 Mutter
566 2843 645 2896 Livia
668 2843 792 2896 wardia
847 2842 927 2897 bfter.
979 2843 1070 2898 Schon
1098 2844 1144 2898 bei
1173 2843 1268 2898 Cicero
1295 2844 1325 2896 in
1354 2844 1408 2897 den

212 2916 320 2970 Tanto
340 2916 389 2968 des
408 2916 478 2969 Libo
497 2915 612 2968 Drusus.
711 2922 712 2925 ’
846 2914 972 2981 Briefen,
997 2916 1033 2968 ad
1052 2916 1111 2971 Att.
1133 2922 1175 2982 10,
1195 2920 1220 2983 8,
1240 2921 1273 2968 10
1292 2916 1339 2970 sed
1356 2918 1409 2970 bec

268 2992 309 3040 10.
338 2988 506 3041 accusatores
526 2984 792 3054 ς116111111118111-
845 3003 928 3055 super
945 3005 974 3041 rc
992 2989 1088 3053 nimiu
1110 2994 1150 3052 14,
1171 2992 1215 3054 22,
1235 2993 1291 3040 211.
1307 2993 1332 3040 6.
1355 2986 1406 3039 Bei

230 3057 347 3112 heiten'.
845 3057 940 3127 Nepos
966 3064 997 3124 4,
1024 3063 1054 3125 4,
1079 3064 1108 3125 1,
1133 3057 1199 3112 Sall.
1223 3058 1286 3128 Jug.
1312 3064 1358 3125 71,
1383 3065 1407 3113 6.

268 3135 309 3183 11.
343 3128 456 3182 indiciis
478 3128 713 3182 wahrscbeinlich
734 3128 792 3182 Ab·
846 3128 929 3182 Feblt
949 3129 994 3182 bei
1014 3129 1124 3184 Caesar.

231 3200 311 3267 lativ,
329 3198 410 3253 nicht
427 3198 520 3267 Dativ,
538 3198 593 3269 vgl.
614 3204 686 3266 15,1
706 3200 792 3266 defcc-
882 3199 931 3254 29.
970 3207 994 3253 2.
1020 3218 1109 3256 ccccm
1127 3202 1198 3254 statt
1216 3202 1408 3267 defensionem,

230 3273 304 3327 tiooc
323 3272 522 3341 Hyrcanorum
545 3272 691 3339 caulasque
710 3288 744 3325 erc
761 3287 792 3325 eo
849 3270 1055 3340 ‘Ftirsprache’.
1102 3272 1165 3342 Vgl.
1198 3271 1256 3325 Liv.
1289 3277 1337 3340 46,
1372 3277 1405 3325 10

231 3345 309 3399 bellic
326 3344 468 3412 inligatus.
846 3345 1020 3398 accusatorie
1037 3360 1098 3399 coa.

268 3414 316 3471 28.
354 3421 378 3467 1.
406 3430 513 3469 noscere
538 3414 591 3466 ‘als
614 3413 720 3483 richtig
743 3430 791 3467 an·
883 3419 907 3467 6.
934 3414 999 3468 Scin
1022 3414 1130 3469 Bruder
1153 3414 1183 3468 L.
1202 3414 1274 3468 Libo
1297 3430 1356 3467 war
1378 3414 1409 3467 in

233 3487 383 3552 erkennen,
402 3485 575 3552 bekunden',
595 3485 667 3538 auch
683 3490 725 3553 11,
744 3491 791 3552 66,
847 3485 897 3538 der
911 3488 1004 3542 ersten
1017 3485 1114 3540 Halfte
1129 3486 1178 3541 des
1193 3485 1409 3540 JahresKonsul

231 3558 741 3628 11111111.30169111111111111111.
846 3573 983 3625 gewesen.
1022 3589 1055 3598 -
1089 3575 1189 3613 maaca
1221 3589 1254 3597 -
1287 3558 1406 3612 tendere.

268 3635 293 3683 3.
330 3629 447 3683 Flaccus
470 3629 541 3682 wird
564 3629 603 3681 im
626 3629 650 3682 J.
671 3634 704 3682 28
730 3647 793 3682 zum
847 3627 917 3682 Das*
942 3629 1065 3699 Zeugma
1107 3628 1180 3683 nach
1217 3628 1299 3697 Verg.
1338 3629 1408 3681 Aen.

233 3701 310 3756 Tode
329 3699 482 3754 verurteilt.
849 3705 874 3767 3,
894 3706 945 3754 176
964 3702 1095 3769 tendoque
1113 3702 1230 3769 supinas
1248 3702 1286 3755 cd
1303 3701 1409 3754 caelum

270 3780 293 3828 6.
309 3790 455 3827 commeare
469 3770 522 3825 mit
536 3771 707 3826 stchlichem
723 3770 794 3824 Sub·
848 3788 909 3825 cam
941 3789 1002 3827 eroco
1036 3789 1137 3826 manus
1152 3770 1259 3843 „(Soph.
1287 3770 1329 3823 ΕΙ.
1358 3776 1409 3824 636

229 3844 309 3914 jcktc
336 3845 390 3898 wic
418 3845 524 3899 litterae
549 3848 574 3911 4,
598 3849 631 3896 41
655 3842 714 3895 und
738 3842 793 3896 oie.
848 3841 932 3911 εὐχὰς
949 3843 1119 3912 ἀνασχεῐνῖ).
1147 3842 1271 3896 Abnlich
1286 3841 1324 3896 111
1343 3860 1407 3895 ann.

235 3916 272 3969 ad
290 3916 349 3970 Att.
370 3920 395 3982 6,
415 3921 440 3982 1,
458 3920 482 3968 3.
848 3918 873 3980 3,
893 3919 926 3967 36
946 3931 1186 3980 ercammarum
1205 3931 1305 3968 111111
1319 3915 1406 3967 11111-

271 3991 312 4039 10.
342 3987 406 4041 Trio
429 4003 488 4054 war
511 3985 584 4040 auch
603 3986 699 4054 sptter
717 3984 794 4039 einer
847 3992 945 4039 tarent.
970 3985 1245 4055 Dafr'irsathaesar
1259 3985 1285 4038 b.
1297 3984 1364 4052 G.2,
1376 3990 1409 4037 13

235 4057 285 4110 der
322 4056 513 4111 schlimmsten
545 4055 698 4110 Delatorem
734 4056 793 4109 und
848 4074 948 4110 manua
966 4058 1004 4112 ad
1024 4058 1165 4112 Gaesarem
1184 4057 1290 4111 tendere
1309 4062 1333 4110 et
1348 4072 1410 4110 coca

236 4130 338 4197 entzog
352 4127 412 4181 sich
425 4128 464 4180 im
479 4128 502 4181 J.
519 4133 553 4182 35
569 4127 617 4180 der
632 4126 795 4181 drohenden
848 4128 1007 4197 siyaificarc
1026 4134 1176 4196 corporum.

233 4198 366 4267 Anklage
386 4198 474 4252 durch
489 4198 670 4253 Selbstmord.
689 4196 753 4266 Vgl.
769 4203 794 4265 6,
886 4204 910 4253 7.
929 4200 1042 4265 libellos,
1058 4199 1103 4253 die
1117 4197 1408 4253 Delationsschriften.

235 4276 277 4324 68.
314 4269 368 4323 Dio
388 4275 430 4337 58,
451 4275 493 4325 at.
885 4269 934 4325 30.
964 4277 988 4325 1.
1017 4271 1151 4325 Fonteius
1168 4270 1240 4324 wird
1258 4287 1281 4325 c.
1302 4275 1335 4323 86
1355 4286 1410 4322 von

272 4328 768 4407 13.llberaddites.llinl.§112.
850 4340 978 4395 Tiberius
1014 4341 1123 4407 belobt,
1164 4341 1229 4394 weil
1266 4357 1296 4394 er
1332 4341 1409 4394 scine

272 4419 314 4467 14.
333 4429 416 4480 saper
433 4411 478 4464 fflr
497 4412 596 4466 dewie
612 4416 636 4478 6,
652 4418 792 4481 15111111-
848 4412 970 4467 Tochter
1006 4430 1055 4466 zur
1091 4412 1220 4466 Vestalin
1255 4412 1408 4466 bestimmt.

235 4501 286 4552 quc
305 4501 338 4537 cc
355 4501 392 4548 re,
413 4488 456 4549 11,
475 4487 509 4534 23
534 4500 565 4536 ec
588 4499 670 4552 super
692 4500 721 4537 rc
739 4483 797 4536 und
857 4484 965 4549 Vibius,
996 4488 1029 4534 23
1052 4483 1125 4536 nach
1148 4485 1285 4551 Amorgos
1311 4483 1410 4552 depor-
