3092 4834
205 202 270 267 190
346 202 377 259 P.
397 202 569 257 CORNELII
587 201 711 257 TACITI
729 202 777 256 AB
796 201 960 258 EXCESSU
980 202 1058 258 DIVI
1076 202 1234 259 AUGUSTI

151 365 194 429 50
294 362 414 430 Contra
445 363 497 430 Μ’.
529 364 670 449 Lepidus
703 366 737 430 in
768 365 854 430 hunc
886 366 1016 431 modum
1053 388 1185 432 exorsus
1224 371 1284 432 est:
1322 367 1381 452 (εἰ,

204 458 313 538 patres
349 454 537 538 conscripti,
569 475 669 518 unum
704 454 738 518 id
773 458 970 537 spectamus,
1003 476 1101 538 quam
1137 456 1262 521 nefaria
1297 478 1378 521 voce

203 541 369 608 Clutorius
391 539 520 607 Priscus
548 546 690 607 mentem
718 563 810 606 suam
838 547 870 607 et
898 563 992 607 aures
1021 543 1189 608 hominum
1211 545 1380 629 polluerit,

203 653 308 715 neque
336 652 444 695 carcer
468 652 573 716 neque
600 631 748 716 laqueus,
774 652 815 695 ne
843 631 974 696 serviles
998 631 1126 716 quidem
1150 634 1311 699 cruciatus
1339 634 1376 697 in

168 736 277 785 teum
301 719 492 784 suffecerint.
534 719 585 783 sin
607 718 735 804 flagitia
753 723 787 783 et
808 719 955 784 facinora
978 718 1048 783 sinc
1071 720 1168 785 modo
1192 725 1278 808 sunt,
1300 744 1376 805 sup·

203 808 310 893 pliciis
338 829 375 873 ac
402 807 551 872 remediis
574 807 731 892 principis
759 808 940 873 moderatio
967 808 1189 893 maiorumque
1212 813 1245 874 et
1267 814 1376 876 vestra

203 896 352 982 exempla
369 900 562 980 temperant,
581 900 614 960 et
631 918 716 961 vana
738 918 758 960 a
777 897 932 980 scelestis,
949 896 1037 962 dicta
1060 920 1080 962 a
1099 898 1267 962 maleficiis
1287 898 1379 963 diffe-

202 989 289 1064 runt,
312 989 362 1050 est
384 986 475 1049 locus
499 985 687 1066 sententiae,
709 1006 767 1069 per
791 1007 888 1070 quam
911 1006 1016 1069 neque
1043 986 1120 1051 huic
1144 987 1298 1051 delictum
1319 988 1380 1051 im·

203 1096 287 1156 punc
310 1074 354 1139 sit
375 1076 409 1137 et
430 1095 491 1139 noe
513 1073 701 1138 clementiae
725 1074 822 1137 simul
845 1095 884 1138 ac
907 1075 1090 1139 severitatis
1114 1096 1181 1140 non
1205 1076 1380 1160 paeniteat

154 1179 184 1228 ιο
204 1185 300 1247 saepe
319 1162 428 1227 audivi
446 1161 626 1246 principem
647 1166 794 1227 nostrum
818 1167 1077 1246 conquerentem,
1101 1163 1128 1225 si
1152 1165 1224 1247 quis
1248 1169 1378 1247 sumpta

204 1257 309 1316 morte
328 1250 582 1316 misericordiam
602 1251 670 1315 eius
688 1251 918 1335 praevenisset.
951 1252 1020 1317 vita
1039 1248 1176 1315 Clutorii
1195 1253 1230 1316 in
1250 1253 1380 1337 integro

203 1345 261 1425 est,
281 1340 336 1425 qui
354 1362 457 1425 neque
476 1344 624 1405 seruatus
648 1338 682 1402 in
705 1339 886 1424 periculum
909 1339 956 1403 rei
978 1340 1126 1425 publicae
1149 1362 1254 1425 neque
1277 1342 1379 1405 inter·

203 1429 306 1494 fectus
330 1430 364 1493 in
387 1427 569 1512 exemplum
592 1428 662 1494 ibit.
709 1428 816 1492 studia
839 1428 901 1512 illi,
923 1432 960 1491 ut
985 1428 1082 1512 plena
1104 1429 1307 1512 vaecordiae,
1329 1428 1377 1493 ita

204 1518 314 1582 inania
346 1520 379 1581 et
406 1517 493 1582 fluxa
520 1521 609 1602 sunt3
641 1537 699 1582 nee
728 1514 900 1601 quiequam
929 1536 1026 1601 grave
1059 1539 1096 1582 ae
1124 1518 1243 1582 serium
1271 1540 1310 1582 ex
1337 1539 1377 1582 eo

152 1619 184 1669 15
204 1610 344 1690 metuas,
376 1607 432 1690 qui
465 1627 596 1670 suorum
628 1606 698 1688 ipse
729 1604 928 1689 flagitiorum
959 1605 1107 1689 proditor
1139 1627 1206 1671 non
1233 1607 1375 1672 virorum

203 1696 330 1779 animis,
350 1694 406 1758 sed
425 1693 686 1758 muliercularum
705 1692 840 1777 adrepit.
878 1693 971 1758 cedat
988 1697 1099 1758 tamen
1122 1695 1201 1759 urbe
1224 1698 1257 1758 et
1279 1693 1377 1760 bonis

203 1783 332 1848 amissis
352 1804 436 1867 aqua
460 1785 492 1845 et
515 1782 585 1865 igni
604 1783 764 1846 arceatur:
789 1781 875 1866 quod
896 1782 1029 1866 perinde
1052 1803 1168 1848 censeo
1193 1795 1230 1848 ac
1253 1782 1282 1848 si
1304 1784 1376 1867 lage

203 1872 383 1937 maiestatis
407 1867 592 1934 teneretur?

85 2009 89 2016 .
148 1959 190 2022 51
292 1957 387 2025 Solus
410 1956 534 2042 Lepido
558 1957 727 2023 Rubellius
750 1956 894 2023 Blandus
923 1980 940 2023 e
969 1958 1193 2024 consularibus
1217 1959 1375 2043 adsensit3

135 2063 138 2066 “
202 2048 303 2113 ceteri
326 2047 521 2112 sententiam
542 2046 709 2131 Agrippae
733 2048 845 2129 secuti,
868 2047 1046 2132 ductusque
1068 2048 1103 2112 iu
1126 2069 1285 2113 carcerem
1308 2047 1375 2111 Pri·

203 2158 276 2200 scus
301 2157 337 2200 ac
361 2136 474 2200 statim
493 2136 705 2200 exanimatus.
746 2135 781 2200 id
799 2134 948 2200 Tiberius
969 2136 1074 2200 solitis
1098 2135 1162 2201 sibi
1184 2136 1377 2222 ambagibus

202 2224 287 2308 apud
310 2227 461 2289 senatum
483 2224 653 2308 incusavit,
677 2246 749 2289 cum
773 2225 939 2289 extolleret
961 2226 1117 2308 pietatem
1140 2226 1287 2307 quumvis
1310 2247 1376 2290 rno-

166 2329 182 2378 5
202 2313 290 2378 dicas
313 2312 468 2397 principis
497 2313 629 2377 iniurias
655 2314 774 2377 acriter
796 2312 1036 2396 ulciscentium,
1059 2312 1286 2397 deprecaretur
1309 2317 1377 2378 tam

201 2401 387 2487 praecipitis
411 2402 583 2466 verborum
611 2423 747 2486 poenas,
773 2400 923 2466 laudaret
946 2399 1103 2484 Lepidum
1131 2423 1234 2486 neque
1258 2403 1376 2487 Agrip·

236 2665 285 2721 to.
310 2670 334 2718 1.
358 2664 410 2718 Μ’.
433 2664 559 2733 Lepidus
584 2662 624 2718 ist
645 2664 695 2718 der
719 2661 762 2720 oft
814 2679 927 2734 maguae
950 2663 1065 2719 bruelio
1087 2680 1192 2733 rauce,
1219 2665 1251 2718 iu
1274 2680 1377 2734 porcos

199 2735 343 2791 erwdhnle
361 2734 565 2789 einflussreiehe
583 2735 701 2789 Redner.
814 2734 904 2805 digiti.
1196 2799 1198 2804 .

236 2812 261 2859 4.
288 2822 388 2861 carcer.
431 2804 530 2860 Neben
558 2804 622 2859 dem
649 2805 760 2872 Forum,
852 2809 894 2858 1⁷.
913 2822 987 2875 agua
1004 2811 1030 2860 et
1048 2806 1109 2874 icat
1127 2810 1263 2861 arcemur.
1298 2793 1375 2859 Uber

200 2894 247 2931 am
276 2876 359 2929 Fulse
391 2876 441 2930 des
468 2875 598 2945 Kapitcls
629 2875 679 2945 lag
709 2876 760 2930 dar
815 2875 890 2930 diese
913 2891 986 2931 neue
1003 2876 1155 2946 Wendung
1176 2893 1197 2932 e.
1216 2894 1249 2929 zu
1270 2892 1312 2945 cp.
1333 2882 1375 2930 23.

200 2945 453 3015 Staatsgeffingnis.
478 2946 531 3000 Die
541 2945 633 3001 Strafe
648 2946 698 3000 der
711 2945 760 2999 Er·
815 2976 848 2987 -
855 2948 971 3016 perinde
984 2964 1018 3002 cc
1030 2948 1064 3001 si.
1089 2946 1170 3002 Naeh
1185 2947 1249 3000 dem
1259 2945 1375 3000 Geretae

200 3016 376 3084 dresselung,
400 3016 445 3071 die
464 3018 547 3070 unter
570 3017 624 3071 dan
642 3017 760 3071 Kaiaern
813 3016 939 3072 konnten
971 3016 1288 3087 Mejcstttsverbreolrcn
1321 3032 1375 3068 nur

200 3089 299 3141 immet
324 3085 452 3155 htufiger
478 3087 561 3153 wird,
584 3087 695 3141 kommt
717 3088 759 3141 ala
814 3103 906 3157 gagen
920 3088 974 3143 den
988 3088 1086 3142 Kaisar
1104 3087 1161 3141 und
1178 3086 1253 3141 aeine
1267 3085 1375 3140 Mutter

200 3157 358 3212 Seltenheit
382 3157 455 3211 auch
478 3173 526 3210 zur
549 3156 610 3211 Zeit
634 3158 684 3211 der
706 3158 759 3212 Re·
814 3158 963 3227 begangen
985 3159 1107 3224 werden;
1137 3156 1194 3226 vgl.
1217 3162 1248 3223 4,
1271 3160 1307 3210 34
1328 3157 1375 3211 scd

199 3227 299 3298 publik
318 3244 377 3295 vor,
395 3245 418 3282 z.
436 3226 468 3283 B.
487 3226 527 3281 im
545 3225 570 3284 J.
588 3233 623 3282 62
641 3228 761 3283 beiden
814 3246 898 3299 aeque
915 3230 981 3285 leuce
1003 3230 1034 3284 iu
1048 3229 1205 3298 priuclpem
1224 3232 1275 3282 aut
1293 3228 1374 3296 priu-

200 3296 406 3355 Gatilinaricm.
814 3301 885 3370 cipio
900 3306 1054 3369 pareutum,
1076 3315 1142 3369 quos
1163 3300 1207 3354 lece
1224 3299 1376 3353 molestetis

236 3377 260 3426 ⁵1.
275 3369 761 3439 eoecmplu‘Proxio',wiea.B.15,20
816 3373 997 3441 amplectitur.
1038 3370 1091 3425 Dic
1115 3369 1207 3424 Strata
1231 3387 1289 3424 war
1307 3369 1376 3424 Ver·

200 3442 761 3514 lepeeeyrcpios,crempluloueeto(‘noble
815 3443 950 3512 bannung
974 3443 1033 3496 und
1055 3440 1259 3497 Kcufislraticu.
1300 3439 1376 3495 Aber

199 3513 309 3582 Praxis,
337 3512 414 3568 edles
439 3513 549 3583 Thun’)
577 3515 653 3583 apud
678 3515 761 3569 leuce
814 3530 881 3567 man
895 3512 964 3582 ging
978 3511 1147 3567 euchsclron
1160 3512 1376 3567 weiterunder-

200 3602 235 3640 eu
252 3585 358 3641 delictis
380 3585 500 3639 aliorum
515 3585 607 3655 cipue,
632 3583 688 3639 Cic.
707 3602 759 3654 pro
814 3584 920 3639 kannte
939 3583 990 3638 auf
1000 3582 1189 3652 Todesstrafe,
1207 3600 1266 3637 was
1280 3586 1378 3651 eptter

200 3655 292 3710 Deiot.
310 3660 352 3722 12,
367 3660 401 3709 32
420 3661 452 3710 ut
464 3656 547 3710 lruiue
560 3656 639 3710 urbis
655 3657 722 3710 iecra
735 3662 761 3711 et
813 3673 862 3709 zur
879 3654 969 3725 Regel
987 3655 1073 3710 ward.

199 3728 322 3796 exemplo
339 3725 461 3794 (‘Recht
481 3726 539 3780 und
557 3726 684 3796 Praxis’)
703 3743 759 3782 cor·
850 3723 898 3781 51.
914 3730 939 3781 1.
954 3716 1029 3780 Uber
1042 3725 1189 3781 Rubellius
1203 3741 1224 3779 e.
1235 3740 1321 3794 aucp.
1333 3729 1375 3778 23.

198 3797 512 3937 usellallld
537 3796 596 3850 Μ
614 3796 758 3866 N³⁸⁹¹⁸b⁶
814 3797 1376 3936 ..trucelluscretus

236 3945 278 3993 11.
297 3940 329 3994 iu
347 3940 453 4008 iateque
471 3942 510 3994 eet
528 3963 562 3984 =
580 3938 760 4006 medullae,
815 3935 889 4006 (μέν)
909 3969 943 3978 -
962 3955 993 3993 ao
1010 3936 1090 4007 (dl)’.
1121 3937 1246 3992 Heraeus
1264 3936 1377 4005 achltgt

200 4009 234 4065 cf.
255 4008 320 4063 hist.
339 4014 396 4077 3,2
414 4025 462 4064 coa
479 4009 579 4079 quibua
595 4010 711 4075 fortuuo
728 4010 760 4063 iu
815 4011 887 4062 atati
913 4015 970 4063 tom
996 4026 1063 4063 vore
1094 4014 1198 4075 tumea,
1231 4007 1296 4060 dem
1323 4006 1376 4062 Ge·

199 4082 305 4149 integro
328 4085 367 4134 eet
385 4105 419 4125 ει
437 4082 561 4135 mudum
583 4084 688 4134 leulota
710 4084 760 4134 out
815 4078 926 4133 danken
949 4081 1023 4133 nach
1045 4078 1163 4147 richtig,
1193 4078 1260 4132 aber
1282 4076 1376 4130 niehls

199 4152 326 4219 adflicto,
356 4164 420 4205 ann.
446 4156 491 4218 15,
516 4156 533 4204 2
556 4155 646 4205 verua
671 4150 714 4205 ais
735 4154 761 4205 et
814 4149 1023 4219 gewdhnlicher
1050 4149 1123 4203 euch
1144 4149 1176 4203 in
1198 4147 1249 4202 der
1277 4147 1376 4201 kleaei·

198 4222 289 4292 plocio
307 4223 339 4275 iu
356 4221 462 4291 intepro
479 4227 526 4276 est.
815 4224 901 4275 schen
924 4221 1048 4290 Sprache
1081 4219 1124 4274 als
1153 4218 1231 4273 diesc
1257 4216 1376 4273 Koordi·

237 4297 279 4347 13.
293 4293 335 4346 irc
348 4293 380 4345 iu
443 4294 563 4360 euadere,
575 4292 645 4359 fieri,
659 4292 694 4346 cf.
708 4290 760 4347 Or.
814 4291 925 4360 aetion,
947 4307 992 4345 wo
1015 4290 1067 4346 wir
1090 4291 1137 4346 dia
1156 4288 1376 4345 Subordinaticn

198 4363 267 4417 met
284 4367 326 4431 10,
339 4365 392 4415 493
409 4364 524 4431 sauctus
542 4364 566 4418 it
580 4364 612 4417 iu
624 4378 711 4431 succa
729 4364 761 4418 lu
815 4362 953 4419 cintreten
971 4363 1072 4419 luascu
