3092 4834
197 183 263 248 250
343 183 374 237 Ρ.
394 182 566 238 CORNELII
583 179 705 236 unum
724 180 772 236 AB
791 179 953 237 EXCESSU
972 180 1051 236 DIVI
1069 179 1229 237 AUGUSTI

197 345 440 411 adseveratione
463 341 621 426 Caesaris,
644 365 708 429 qua
732 365 790 409 suo
813 343 881 409 iure
904 343 1061 408 disertum
1085 364 1158 408 eum
1181 342 1371 428 appellarit.

195 456 271 500 mox
299 432 504 519 capessendis
533 432 793 498 accusationibus
822 437 877 497 aut
904 453 977 497 reos
1002 431 1140 496 tutando
1164 431 1369 516 prosperiore

141 522 399 607 ineloquentiae
427 542 524 604 quam
551 542 678 586 morum
700 520 788 585 fama
810 518 886 604 fuit,
914 519 978 583 nisi
1001 520 1087 599 quod
1111 527 1199 585 aetas
1223 521 1370 585 extrema

195 610 334 675 multum
363 610 461 674 etiam
491 608 694 694 eloquentiae
722 608 877 693 dempsit,
904 608 980 672 dum
1008 607 1094 673 fessa
1120 610 1227 673 mente
1249 608 1371 672 retinet

195 698 315 763 silentii
337 697 573 782 inpatientiam.

140 787 184 853 53
283 786 328 850 At
351 785 534 870 Agrippina
560 785 712 867 pervicax
740 783 807 848 irae
835 787 870 849 et
897 785 1011 850 morbo
1035 785 1179 869 corporis
1202 783 1369 869 inplicata,

194 896 268 940 oum
296 875 413 938 viseret
441 895 512 938 eam
535 871 668 957 ansar,
695 872 838 958 profusis
864 873 918 937 diu
942 894 980 937 aa
1002 894 1061 958 per
1084 873 1249 938 silentium
1274 873 1369 937 lacri-

193 964 268 1042 mis,
300 984 377 1027 mox
408 962 565 1027 invidiam
597 965 630 1025 et
663 982 773 1045 preces
806 960 943 1026 orditur:
978 960 1163 1026 subveniret
1191 961 1368 1043 solitudini,

194 1051 285 1117 daret
308 1050 474 1134 maritum3
497 1049 639 1115 habilem
658 1049 762 1114 adhue
782 1049 948 1114 iuventam
969 1050 1041 1133 sibi,
1063 1071 1168 1133 neque
1188 1049 1274 1114 aliud
1293 1072 1367 1134 pro-

158 1140 244 1206 obis
273 1161 370 1223 quam
394 1160 432 1203 ex
456 1138 664 1204 matrimonio
689 1137 855 1203 solacium.
900 1159 970 1203 esse
993 1138 1027 1201 in
1051 1137 1196 1217 civitate,
1223 1137 1279 1222 qui
1302 1134 1368 1174 *²¹⁸*

194 1226 379 1293 Germanici
402 1227 574 1311 coniugem
597 1247 634 1291 ac
656 1225 777 1292 liberos
802 1226 870 1291 eius
889 1227 1031 1310 recipere
1051 1226 1269 1310 dignarentur.
1310 1226 1367 1290 sed

194 1314 314 1382 Caesar
331 1337 399 1380 non
418 1315 559 1400 ignarus,
579 1318 737 1399 quantum
757 1336 796 1378 ex
814 1336 849 1379 re
868 1314 999 1398 publica
1013 1317 1185 1397 peteretur,
1203 1337 1244 1380 ne
1258 1318 1367 1379 tamen

195 1402 382 1470 offensionis
412 1407 468 1469 aut
495 1406 599 1468 metus
629 1403 821 1468 manifestus
849 1403 949 1481 foret,
977 1403 1045 1466 sine
1072 1424 1230 1486 responso
1258 1424 1368 1488 quam·

194 1514 292 1578 quam
314 1493 491 1558 instantem
515 1492 655 1576 reliquit.
695 1491 729 1555 id
753 1511 824 1575 ego,
846 1490 1097 1575 ascriptoribus
1117 1492 1283 1557 annalium
1302 1513 1368 1557 non
1429 1541 1433 1546 .

142 1598 176 1647 10
195 1580 366 1665 traditum,
402 1581 529 1664 repperi
565 1581 598 1644 in
635 1579 877 1644 commentariis
913 1578 1114 1664 Agrippinae
1149 1580 1249 1664 filiae,
1285 1602 1367 1664 quae

195 1667 337 1734 Neronis
360 1669 515 1753 principis
538 1671 643 1732 mater
666 1668 767 1732 vitam
792 1689 883 1732 suam
907 1671 940 1732 et
961 1689 1055 1732 casus
1076 1689 1207 1734 suorum
1226 1668 1367 1754 posteris

194 1757 394 1822 memoravit.

141 1846 185 1910 54
283 1843 433 1910 Ceterum
454 1842 589 1909 Seianus
613 1847 811 1907 maerentem
831 1848 864 1908 et
882 1843 1086 1927 inprovidam
1105 1845 1203 1909 altius
1222 1845 1370 1929 perculit,

194 1934 348 1998 immissis
372 1932 427 2016 qui
450 1953 509 2015 per
532 1932 669 2015 speeiem
689 1931 852 1997 amicitiae
870 1936 1040 1997 monerent
1058 1936 1207 2016 paratum
1226 1933 1256 1997 ei
1274 1954 1368 1998 vene·

193 2043 288 2104 num,
311 2020 462 2085 vitandas
485 2020 588 2085 soceri
612 2022 731 2104 epulas.
780 2025 876 2105 atque
899 2020 958 2085 illa
981 2022 1225 2086 simulationum
1247 2022 1366 2106 nescia,

195 2130 268 2173 oum
290 2113 424 2193 propter
445 2109 670 2190 discumberet,
693 2129 760 2172 non
784 2110 877 2173 vultu
896 2115 952 2174 aut
971 2131 1119 2174 sermone
1136 2110 1234 2184 flecti,
1257 2110 1367 2174 nullos

159 2197 356 2282 sattingere
385 2196 489 2280 cibos,
518 2197 617 2262 donec
645 2196 785 2262 advertit
807 2196 970 2280 Tiberius,
997 2196 1081 2262 forte
1112 2220 1153 2261 an
1179 2199 1255 2281 quia
1279 2198 1366 2262 audi·

194 2290 298 2368 verat,
325 2284 421 2369 idque
446 2306 509 2369 quo
533 2285 638 2350 acrius
662 2286 874 2369 experiretur,
903 2307 1016 2369 poma,
1039 2289 1076 2350 ut
1093 2291 1187 2350 erant
1210 2286 1370 2371 adposita,

194 2374 330 2439 laudans
353 2373 450 2438 nurui
473 2395 532 2438 sua
556 2395 654 2437 manu
673 2373 819 2438 tradidit.
861 2378 1013 2439 auctaas
1032 2395 1070 2439 eo
1090 2375 1230 2458 suspicio
1249 2374 1368 2459 Agrip·

193 2463 303 2546 pinse,
330 2466 363 2526 et
390 2462 514 2527 intacta
542 2483 597 2525 ore
624 2461 725 2526 servis
749 2461 902 2526 tramisit.
948 2483 1007 2527 nec
1029 2466 1138 2527 tamen
1162 2463 1282 2527 'liberii
1306 2485 1369 2528 vox

195 2572 304 2616 coram
329 2553 448 2635 secuta,
471 2550 527 2616 sed
550 2550 705 2615 obversus
730 2549 770 2613 ad
789 2553 925 2614 matrem
944 2572 1010 2615 non
1029 2552 1145 2616 mirum
1165 2551 1221 2635 ait,
1244 2552 1368 2635 siquid

232 2782 273 2831 18.
291 2777 501 2844 adseveratione,
515 2794 571 2846 qna
584 2807 619 2818 -
633 2778 754 2847 appello·
845 2783 871 2831 4.
899 2777 997 2846 probis
1026 2776 1195 2845 ‘sitiliohem
1225 2777 1369 2832 enatandi-

193 2849 241 2916 oit,
260 2847 295 2902 ef.
309 2845 375 2902 hist.
391 2852 416 2915 3,
431 2853 465 2901 39
480 2849 578 2902 audita
593 2853 631 2902 sat
650 2847 756 2902 Vitellii
809 2847 890 2917 gen’,
910 2847 948 2901 im
968 2849 1125 2916 Gegensatn
1142 2864 1234 2918 gagen
1252 2849 1298 2902 die
1316 2849 1368 2903 all·

193 2933 257 2984 aaa,
271 2934 326 2986 qua
339 2919 463 2984 iactavit,
483 2916 538 2972 Cic.
553 2919 634 2971 Tusa.
647 2924 670 2983 1,
685 2922 709 2982 ἕ.
720 2923 754 2973 62
809 2915 922 2987 gemein
940 2917 1127 2973 henschende
1146 2919 1280 2974 Unnucht.

189 2993 366 3058 praeceptam
380 2987 531 3055 Apollinis,
548 3002 601 3056 qao
614 2993 710 3052 monn,
724 2993 756 3041 nt
845 2993 870 3042 6.
888 2987 969 3043 Naoh
988 2990 1098 3043 civitais
1115 2989 1195 3044 istiu
1210 2988 1367 3044 derHand-

193 3074 222 3112 ss
252 3058 365 3126 quisquc
396 3061 504 3124 noscat,
531 3056 566 3110 de
594 3060 651 3111 nat.
678 3056 754 3111 deor.
810 3057 911 3113 schrift
933 3059 997 3113 eine
1015 3060 1111 3114 Ldoke
1129 3076 1184 3115 von
1204 3062 1278 3115 etna
1296 3059 1369 3116 vier-
1439 3078 1442 3085 ·

193 3134 219 3197 2,
239 3132 262 3192 ξ.
283 3131 334 3181 146
361 3127 506 3194 iudicium,
529 3142 582 3196 qno
604 3127 755 3184 iudicatur.
809 3130 880 3183 zehn
898 3128 1091 3196 Buchstaben3
1110 3131 1159 3200 qai
1176 3130 1214 3184 ist
1231 3131 1331 3186 sicher.

193 3198 239 3252 Jal
260 3195 315 3251 Cic.
335 3196 684 3267 sepenominatus
703 3200 755 3254 illa
845 3205 870 3254 8.
898 3186 974 3253 llber
997 3201 1051 3255 den
1070 3200 1189 3256 Genetiv
1212 3200 1259 3256 bei
1276 3204 1369 3257 mani-

194 3268 378 3324 admirutions
396 3269 541 3336 liberatas,
564 3269 635 3338 qnod
652 3284 755 3339 semper
807 3271 893 3337 fastus
911 3289 932 3325 s.
951 3288 985 3325 au
1004 3277 1029 3339 2,
1049 3274 1091 3326 85.

193 3340 331 3394 admirari
352 3339 477 3395 solebam.
500 3369 533 3380 —
556 3355 606 3395 sno
628 3341 689 3394 iare
711 3340 755 3395 di·
846 3346 887 3397 10.
916 3340 968 3396 Die
988 3342 1140 3397 Memoiren
1163 3341 1213 3395 der
1227 3342 1367 3412 jungeren

192 3416 302 3478 sertam,
321 3410 348 3465 d.
367 3411 394 3465 h.
415 3411 459 3466 eiu
477 3410 601 3478 Redner,
625 3410 676 3464 der
694 3411 755 3466 sein
807 3410 973 3482 Agrippina,
993 3413 1043 3466 der
1061 3412 1166 3467 Mutter
1184 3413 1235 3467 des
1253 3414 1367 3469 Kaisers

193 3480 307 3552 Diplom
326 3480 356 3534 in
375 3481 436 3536 sich
451 3483 537 3552 trtgt,
554 3481 652 3537 keines
670 3481 754 3535 frem-
808 3480 897 3551 Nero,
916 3483 1030 3537 werden
1049 3484 1122 3538 auch
1139 3499 1195 3537 von
1212 3483 1277 3538 dem
1295 3484 1367 3539 alse-

192 3551 248 3607 den
266 3551 372 3607 beders.
808 3567 857 3607 ren
876 3552 983 3607 Plinius
1002 3555 1137 3609 erwbhnt

228 3627 271 3679 21.
294 3624 393 3679 retinet
417 3623 524 3678 scientii
549 3623 754 3693 inpatientiam,
844 3622 893 3679 54.
926 3630 950 3680 3.
982 3625 1076 3680 socan.
1113 3622 1241 3678 Tiberius
1265 3624 1305 3679 ist
1322 3623 1369 3679 ihr

193 3694 219 3749 d.
233 3694 261 3749 b.
281 3709 311 3749 es
330 3692 407 3748 blieb
426 3692 485 3747 ihm
502 3692 674 3764 unmoglich,
694 3693 754 3748 siah
809 3694 1061 3764 Schuiegervater,
1077 3737 1079 3740 v
1094 3696 1159 3749 weil
1186 3694 1369 3751 Germanicus

193 3764 375 3847 schweigend
404 3781 438 3818 au
468 3764 626 3819 verbalten.
672 3763 754 3818 Nach
808 3764 868 3819 sein
890 3764 1091 3834 Adoptivsohn
1113 3780 1180 3820 war.
1203 3793 1238 3807 —
1260 3767 1369 3823 nssdus

193 3834 350 3900 Quintilian
373 3836 433 3905 (ts,
459 3839 505 3903 11,
529 3836 556 3904 3)
584 3836 665 3904 sagte
687 3850 754 3888 man
810 3834 902 3903 ‘nicht
936 3836 1120 3907 vermbgeud,
1155 3836 1301 3908 untthig’3
1338 3837 1368 3891 in

192 3910 249 3962 v‘on
270 3906 344 3960 ihmr
366 3907 447 3962 analio
464 3923 524 3961 sam
544 3904 654 3974 &sicera
672 3922 754 3975 qaam
809 3905 901 3961 dieser
918 3905 1087 3977 Bedeutung
1110 3909 1168 3961 erat
1190 3905 1220 3961 in
1238 3908 1293 3962 dan
1311 3908 1367 3961 An·

192 3978 320 4032 desinere.
808 3977 905 4032 naleu:
923 3982 949 4045 3,
971 3982 984 4030 1
1004 3979 1149 4046 tolerandi,
1168 3983 1202 4032 67
1222 3980 1331 4035 orandi.

229 4046 279 4104 58.
302 4053 327 4102 1.
346 4049 480 4117 pervicax
502 4046 555 4101 mit
577 4046 641 4101 dem
665 4045 753 4101 Gens·
844 4053 869 4102 4.
888 4048 1062 4116 discremina,
1081 4065 1136 4103 van
1155 4047 1246 4103 sinam
1265 4047 1367 4104 einasl·

194 4117 237 4171 tir
254 4118 307 4173 wie
326 4118 390 4173 hist.
410 4124 436 4185 4,
456 4121 472 4172 5
490 4118 558 4173 resti
571 4118 714 4188 pervicac.
808 4133 864 4172 nen
887 4121 1001 4187 gesagt,
1029 4136 1051 4174 s.
1074 4136 1108 4173 au
1131 4124 1162 4185 3,
1187 4124 1229 4174 14.
1253 4149 1287 4160 -
1309 4135 1367 4175 non

230 4193 255 4243 3.
274 4189 412 4243 invidiam
431 4187 483 4242 wie
498 4206 541 4257 ep.
556 4193 589 4243 tt
608 4189 691 4243 initio
709 4189 754 4243 in·
809 4189 887 4244 onita
904 4194 955 4243 ant
967 4205 1088 4245 sermasia
1099 4191 1171 4258 flesti
1185 4189 1236 4243 ‘sie
1251 4190 1368 4246 andeste

192 4258 292 4315 vidiae.
330 4287 363 4297 -
404 4259 558 4314 subueniret
600 4259 754 4326 solitudini,
809 4259 902 4314 vader
919 4257 1012 4314 Miene
1030 4260 1105 4314 noch
1123 4260 1222 4316 Rade’.

194 4327 229 4382 cf.
248 4332 274 4396 8,
292 4331 335 4381 24.
844 4335 871 4386 9.
898 4346 988 4385 coram
1008 4355 1042 4376 ει
1061 4331 1100 4386 ad
1122 4332 1212 4400 ipsam
1229 4330 1367 4401 Apripspa'·
