3092 4834
230 199 294 266 236
373 199 402 253 Ρ.
423 197 593 253 CORNELII
611 198 734 255 rucirl
752 198 800 252 AB
819 199 981 255 EXCESSU
999 200 1076 256 DIVI
1095 200 1256 257 AUGUSTI

1524 302 1526 345 l

1524 346 1526 375 l

177 379 211 428 25
231 363 405 430 Caesarum
427 362 592 446 leguntur:
617 361 673 426 sed
695 362 764 445 ipse
788 362 881 428 divus
903 361 1017 447 Iulius,
1033 363 1104 447 ipse
1123 363 1215 429 dirus
1234 362 1418 450 Augustus
1525 380 1526 423 l

231 457 264 520 et
291 452 394 517 tulere
422 450 486 514 ista
513 453 546 514 et
574 449 746 535 reliquere,
773 450 861 515 haud
888 450 982 516 facile
1006 451 1156 537 dixerim,
1183 453 1417 519 moderatione

231 541 335 626 magis
369 560 410 604 an
443 538 609 621 sapientie
659 560 798 623 namque
831 542 941 624 spreta
971 541 1169 605 exolescunt:
1202 542 1230 606 ai
1257 541 1416 628 irascare,

231 629 366 715 adgnita
388 625 558 691 ridentur?

82 726 86 732 '
178 717 221 782 35
320 715 406 781 ‘Non
433 715 559 799 attingo
584 713 739 794 Graecos,
762 736 899 801 quorum
922 738 989 781 non
1012 716 1109 782 modo
1132 717 1282 801 libertas,
1305 719 1413 785 etiam

229 806 331 873 libido
359 804 533 889 impunita,
566 807 623 868 aut
651 804 679 867 si
706 804 779 888 quis
812 803 966 883 advertit,
995 804 1089 870 dictis
1117 805 1203 870 dicta
1230 807 1318 871 ultus
1346 812 1413 873 est.

231 896 286 962 sed
315 893 454 959 maxime
483 893 625 957 solutum
653 896 686 956 et
713 893 783 957 sine
806 892 1026 958 obtrectatore
1048 894 1112 958 fuit
1134 894 1270 978 prodere
1294 894 1333 958 de
1358 895 1412 981 iis,

253 1005 313 1049 uos
344 1002 432 1046 mors
465 980 539 1046 odio
573 984 630 1044 aut
662 981 788 1065 gratiae
819 981 998 1046 exemisset
1048 1002 1125 1046 num
1155 982 1240 1046 enim
1271 985 1412 1049 armatis

195 1008 345 1139 edessio
381 1073 413 1133 et
446 1069 548 1134 Bruto
582 1090 619 1134 ac
650 1068 876 1153 Philippenses
910 1091 1040 1154 campos
1073 1070 1297 1136 obtinentibus
1329 1071 1412 1136 belli

232 1160 336 1228 civilis
364 1181 463 1223 causa
485 1157 642 1242 populum
665 1178 723 1241 per
746 1158 913 1222 contiones
936 1158 1096 1224 incendo?
1142 1181 1183 1223 en
1206 1158 1255 1224 illi
1279 1159 1411 1244 quidem

233 1247 531 1333 septuagensimum
557 1249 633 1311 ante
657 1267 777 1310 annum
800 1246 972 1330 perempti,
1002 1247 1185 1331 quomodo
1210 1248 1410 1333 imaginibus

233 1339 300 1404 auis
329 1339 520 1417 noscuntur,
554 1356 635 1419 quas
662 1355 703 1399 ne
730 1334 835 1399 victor
863 1335 992 1418 quidem
1021 1336 1176 1419 abolevit,
1209 1336 1255 1401 sic
1282 1340 1410 1420 partem

232 1426 406 1492 memoriae
426 1423 510 1509 apud
530 1424 704 1509 scriptores
723 1422 887 1487 retinent?
921 1445 1014 1488 suum
1032 1424 1145 1507 cuique
1160 1424 1257 1490 decus
1271 1426 1410 1509 posteri-

181 1531 214 1580 10
233 1517 284 1579 tas
307 1514 468 1598 rependit,
491 1534 550 1577 neo
573 1512 721 1594 deerunt,
745 1512 772 1575 si
797 1511 961 1577 damnatio
985 1512 1120 1598 ingruit,
1144 1514 1198 1597 qui
1222 1534 1287 1577 non
1310 1514 1408 1579 modo

233 1601 338 1670 Cassii
370 1606 403 1667 et
430 1601 539 1679 Bruti,
572 1601 626 1665 sed
660 1599 757 1664 etiam
787 1599 853 1664 mei
879 1600 1107 1665 meminerint?
1159 1621 1308 1686 egressus
1322 1601 1409 1666 dein

234 1696 348 1757 senatu
370 1691 472 1756 vitam
497 1688 693 1754 abstinentia
715 1687 831 1752 finivit.
871 1688 973 1753 libros
997 1710 1054 1772 per
1077 1688 1196 1754 aediles
1218 1690 1408 1756 cremandos

129 1838 133 1844 .
234 1801 386 1846 censuere
409 1782 534 1862 patres3
556 1775 611 1841 sed
635 1779 834 1853 manserunt,
857 1778 1010 1842 occultati
1033 1781 1066 1842 et
1089 1777 1176 1842 editi.
1218 1799 1280 1861 quo
1300 1779 1407 1863 magis

235 1869 416 1934 socordiam
439 1887 551 1930 eorum
573 1864 711 1929 inridere
735 1863 824 1946 libet,
849 1865 904 1948 qui
924 1867 1087 1950 praesenti
1105 1866 1255 1949 potentia
1274 1867 1409 1931 credunt

183 1974 214 2022 ru
234 1957 380 2039 extingui
406 1975 501 2038 posse
530 1953 626 2017 etiam
656 1954 818 2037 sequentis
847 1953 918 2019 aevi
946 1953 1143 2019 memoriam.
1188 1975 1265 2019 nam
1293 1958 1409 2020 contra

234 2044 357 2127 punitis
386 2042 527 2127 ingeniis
555 2041 666 2124 gliscit
693 2041 885 2124 auctoritas,
916 2062 1019 2126 neque
1048 2042 1133 2106 aliud
1162 2043 1285 2107 externi
1313 2064 1407 2127 reges

235 2135 291 2197 aut
319 2131 373 2215 qui
398 2129 509 2195 eadem
534 2130 671 2195 saevitia
693 2130 744 2194 usi
767 2133 856 2214 sunt,
883 2129 948 2195 nisi
972 2129 1108 2195 dedecus
1132 2131 1196 2195 sibi
1219 2135 1316 2216 atque
1339 2131 1407 2196 illis

235 2220 370 2306 gloriam
394 2241 555 2306 peperere.

182 2311 224 2377 36
323 2308 474 2375 Ceterum
505 2306 708 2392 postulandis
740 2306 804 2370 reia
834 2309 902 2369 tam
930 2307 1102 2371 continuus
1130 2329 1234 2373 annus
1261 2307 1337 2391 fuit,
1369 2311 1408 2373 ut

234 2398 387 2463 feriarum
401 2396 591 2462 Latinarum
608 2395 720 2460 diebus
734 2394 932 2478 praefectum
947 2394 1036 2459 urbia
1050 2392 1201 2480 Drusum,
1219 2397 1407 2480 auspicandi

234 2590 389 2645 Gedichten
400 2593 445 2658 (29
454 2589 511 2643 und
519 2590 564 2657 5⁷)
575 2588 625 2642 das
634 2583 795 2641 Verh‘rtltnis
849 2586 905 2639 τῶν
924 2581 1101 2655 ἑκασταχόθι
1119 2581 1264 2656 ἀρχόντων
1280 2582 1406 2657 ἐκαύθη·

234 2662 334 2716 casare
348 2679 383 2714 zu
397 2660 502 2715 seinem
517 2659 674 2729 praefectus
684 2655 795 2710 fabrum
848 2650 967 2725 decanos
990 2652 1022 2711 δὲ
1047 2652 1171 2725 ἐξεδόθη
1189 2676 1220 2712 τε
1241 2650 1327 2721 αὖθις
1346 2655 1407 2729 (oli-

233 2734 382 2787 Mamurra
420 2732 508 2786 Gitsar
525 2728 636 2785 verzieh
655 2728 722 2783 ihm.
847 2731 891 2781 too
909 2747 939 2782 cs
958 2722 1012 2797 γὰρ
1031 2727 1080 2781 nul
1098 2724 1219 2797 udinese
1238 2724 1256 2797 ἡ
1275 2728 1405 2798 θυγάτηρ

270 2808 313 2859 26.
350 2809 376 2858 ct
407 2804 492 2857 tulere
522 2803 578 2856 istu
609 2806 635 2856 et
661 2801 795 2868 reliquere
848 2794 938 2853 αὐτοῦ
963 2798 1086 2866 Μαρκία
1114 2797 1292 2887 aurisonum
1320 2797 1404 2887 nicei)

235 2873 347 2927 ‘lielsen
364 2872 442 2927 diese
456 2872 547 2942 Dirige
562 2870 720 2940 geschehen
735 2868 793 2923 und
847 2868 897 2922 καὶ
924 2865 996 2924 πολὺ
1024 2865 1320 2937 ἄξιοσπουδαστοτερα
1347 2867 1404 2925 dno

233 2942 391 2997 bestehen’.
846 2940 896 3007 τῆς
914 2940 965 2994 τοῦ
984 2936 1097 3006 Κόρὸον
1117 2942 1263 3009 συμφορᾶς
1282 2938 1403 3011 ἐγένετο.

268 3012 316 3067 85.
342 3019 365 3066 1.
384 3027 440 3066 non
457 3011 536 3065 modo
555 3009 628 3065 ohne
646 3009 792 3078 folgenden
847 3041 880 3049 -
900 3009 1027 3079 Caligula
1047 3011 1103 3066 hob
1122 3010 1171 3065 das
1190 3010 1298 3066 Verbot
1315 3013 1370 3067 auf.

232 3084 291 3151 sed,
315 3082 361 3135 ein
384 3081 546 3149 Asyndeton
571 3080 791 3146 adversativum
883 3085 924 3135 14.
943 3082 1069 3136 socordia
1087 3099 1107 3136 s.
1127 3097 1168 3150 cp.
1185 3087 1228 3135 31.

233 3173 254 3209 s.
275 3170 308 3206 au
327 3158 352 3220 3,
373 3157 414 3208 19,
882 3150 931 3205 td.
961 3158 985 3205 1.
1008 3153 1185 3219 postulandis
1206 3155 1261 3207 reis
1283 3153 1348 3207 Dat.
1373 3170 1404 3208 so

269 3228 295 3278 2.
336 3224 455 3278 aduertit
487 3223 557 3277 stati
588 3221 793 3288 animaduertit,
847 3223 899 3291 gut
917 3219 970 3275 wie
989 3228 1014 3292 3,
1035 3228 1068 3276 10
1091 3223 1229 3278 Tiberium
1246 3226 1403 3294 spernendis

229 3295 351 3365 punivit,
372 3293 424 3349 wie
446 3299 475 3361 2,
495 3299 542 3361 323
562 3297 591 3361 3,
611 3298 644 3347 52
663 3310 697 3347 ne
711 3293 792 3361 priu-
846 3294 1002 3348 rumoribus
1029 3295 1155 3348 ualidum
1182 3294 1228 3361 (ef.
1252 3310 1295 3365 cp.
1311 3301 1357 3363 37,
1377 3297 1405 3365 3)

233 3382 294 3436 ceps
316 3367 416 3421 durius
438 3367 599 3433 aduentum
622 3371 652 3431 5,
677 3370 693 3418 9
712 3369 744 3418 ut
761 3365 794 3417 iu
847 3363 904 3417 und
926 3369 967 3432 11,
983 3370 998 3418 5
1018 3366 1166 3420 continuus
1179 3370 1204 3419 et
1216 3381 1314 3420 saeuus
1326 3383 1403 3420 occu·

233 3439 351 3507 reliquos
370 3437 466 3493 Seiani
484 3438 582 3491 liberos
599 3437 791 3491 adverteretur.
845 3435 943 3489 cendia
956 3436 1017 3490 reis.
1042 3434 1212 3505 EinBegriff
1220 3434 1402 3505 wieideneus,
1463 3490 1464 3493 ,

232 3509 274 3563 lst
292 3507 460 3564 Taciteisoh.
846 3511 1016 3574 opportunus
1039 3506 1201 3560 schimmert
1222 3505 1253 3559 in
1277 3507 1326 3562 der
1349 3524 1403 3561 sar-

269 3584 294 3635 3.
331 3582 451 3635 solutum
484 3577 621 3647 ‘erlaubt,
654 3575 792 3643 strafloa',
846 3576 1008 3630 kastischen
1034 3575 1281 3631 Ausdrucksweise
1309 3578 1402 3633 durch.

235 3666 359 3722 genauer
378 3655 420 3719 14,
439 3655 474 3704 28
492 3650 612 3704 solutum
628 3664 725 3717 poene.
883 3650 908 3700 2.
936 3645 988 3700 Die
1016 3647 1102 3713 feriae
1124 3648 1247 3703 Latinae
1269 3648 1403 3712 deuerten

270 3727 295 3776 7.
331 3721 595 3790 septuagensimum,
645 3719 700 3773 seit
744 3718 795 3771 der
847 3715 907 3771 vier
933 3715 1023 3798 Tage,
1052 3718 1229 3784 gewohnlich
1256 3735 1302 3773 am
1326 3718 1402 3775 Ende

234 3791 369 3847 Schlacht
395 3791 443 3846 bei
470 3790 596 3861 Philippi
622 3795 656 3844 42
675 3806 702 3843 v.
721 3787 793 3856 Chr,
848 3786 897 3842 des
920 3789 1009 3857 April.
1050 3787 1117 3842 Man
1144 3788 1243 3843 feierte
1272 3790 1323 3844 das
1351 3790 1402 3845 seit

233 3864 292 3917 also
310 3863 398 3917 rande
417 3861 495 3916 Zahl.
847 3857 1013 3928 Tarquinius
1051 3858 1190 3928 Superbus
1231 3860 1401 3918 bestehende

270 3939 294 3987 8.
331 3935 455 3989 oboluit.
502 3933 539 3987 Es
567 3948 625 3986 war
653 3947 706 3985 nur
732 3944 794 3985 ver·
847 3927 1140 3997 latinischeBdndnis,
1154 3930 1212 3984 und
1227 3931 1401 3987 diehdheren

233 4003 333 4072 boten,
358 4004 434 4059 diese
457 4003 553 4058 Bilder
576 3999 721 4057 offentlieh
742 3999 790 4055 hei
845 4000 981 4053 Beamten
999 4000 1084 4054 Roma
1107 4017 1196 4070 rogen
1219 4002 1337 4056 alsdann
1356 4021 1401 4057 nur

233 4072 432 4129 Processionen
452 4074 642 4129 aunufuhren.
843 4068 1042 4139 Darbringung
1069 4087 1125 4125 von
1148 4071 1252 4140 Opfern
1279 4072 1331 4127 auf
1349 4072 1400 4128 den

272 4150 313 4199 12.
351 4146 436 4200 libros
461 4162 510 4214 per
537 4145 637 4200 aediles
659 4149 704 4198 ctt.
736 4142 789 4196 Dio
843 4139 1045 4208 Albanerberg.
1077 4141 1141 4196 Ihre
1161 4143 1248 4197 Stelle
1267 4144 1344 4198 ward
1361 4145 1400 4198 in·

233 4218 277 4280 67,
296 4219 331 4267 24
349 4211 384 4268 aet
403 4215 605 4285 συγγράμματα
623 4210 712 4269 αὐτοῦ
726 4211 790 4268 τότε
844 4209 981 4265 awischen
999 4211 1088 4265 durch
1107 4212 1188 4266 einen
1202 4230 1255 4267 nur
1267 4211 1314 4266 fdr
1327 4215 1399 4269 diese

234 4280 286 4354 μὲν
316 4279 347 4339 ἓν
374 4286 408 4354 τῇ
436 4283 517 4340 πόλει
541 4282 698 4355 εὑρεθέντα
721 4283 791 4352 πρὸς
845 4280 907 4336 Zeit
933 4282 1091 4349 gewithlten
1116 4282 1347 4352 Stautpraferten
1372 4287 1399 4340 in

233 4360 289 4409 τῶν
312 4351 500 4424 ἀγορανόμων
522 4357 572 4411 nul
593 4352 628 4410 rol
649 4352 702 4422 ἔξω
721 4353 791 4423 πρὸς
845 4353 917 4406 Rom
941 4355 1092 4407 vertreten.
1107 4383 1141 4393 —
1156 4355 1323 4423 auspicandi
1340 4372 1399 4424 pra·
