3092 4834
217 296 281 360 150
366 295 397 351 P.
419 294 591 350 CORNELII
609 295 729 350 TACITI
747 296 797 349 AB
816 294 976 349 Excusso
995 296 1073 350 DIVI
1090 295 1250 350 AUGUSTI

216 460 272 523 ad.
289 460 535 525 consultandum
569 459 660 524 datos
692 459 828 524 necdum
861 460 1063 544 praeterisse,
1100 461 1178 524 satis
1215 461 1320 524 visum
1358 461 1399 525 de

175 575 202 615 10
216 548 348 614 Vistilia
371 553 524 634 statuere3
548 571 649 631 esque
673 550 707 613 in
730 550 870 612 insulam
890 547 1048 633 Seriphon
1067 548 1177 614 abdita
1195 554 1252 614 est.
1289 554 1399 614 actum

216 643 249 702 et
271 638 310 702 de
334 639 431 703 sacris
454 638 626 725 Aegyptiis
650 636 853 721 Iudaicisque
876 637 1033 721 pellendis
1055 640 1241 721 factumque
1268 643 1398 723 patrum

216 728 414 811 consultum,
442 732 478 791 ut
501 731 655 811 quattuor
677 727 768 791 milia
790 727 935 792 libertini
955 728 1080 814 generis
1108 750 1145 792 ea
1169 729 1397 812 superstitione

216 817 348 901 infecta,
377 817 449 900 quis
477 816 591 882 idonea
618 820 719 899 aetas,
752 816 787 879 in
814 816 952 881 insulam
981 814 1163 881 Sardiniam
1195 818 1400 900 veherentur,

217 905 399 971 coercendis
423 905 490 970 illic
514 905 692 971 latrociniis
716 910 757 989 et,
780 906 809 970 si
832 905 873 970 ob
893 907 1082 992 gravitatem
1103 907 1183 970 caeli
1201 907 1398 992 interissent,

177 1021 202 1061 rs
218 996 281 1060 vile
314 995 480 1081 damnum3
514 995 611 1060 ceteri
644 994 791 1060 cederent
823 993 930 1076 Italia,
962 996 1025 1059 nisi
1060 999 1179 1061 certem
1208 1000 1282 1060 ante
1313 996 1398 1059 diem

217 1085 369 1168 profanos
392 1084 474 1149 ritus
498 1085 669 1149 exuissent.

165 1173 208 1239 86
307 1172 386 1238 Post
413 1196 495 1258 quae
522 1172 649 1238 rettulit
677 1170 794 1238 Caesar
821 1174 1009 1258 capiendam
1039 1174 1195 1259 virginem
1228 1175 1261 1237 in
1289 1174 1397 1238 locum

218 1262 342 1347 Occiae,
366 1284 447 1346 quae
470 1267 593 1346 septem
617 1266 649 1326 et
673 1262 907 1349 quinquaginta
929 1286 986 1346 per
1009 1285 1110 1326 annos
1134 1285 1259 1328 summa
1282 1263 1400 1327 sancti·

218 1353 327 1417 monia
359 1350 546 1416 Vestalibus
579 1353 677 1416 sacris
707 1352 924 1437 praesederat3
957 1352 1086 1437 egitque
1119 1357 1226 1436 grates
1259 1350 1396 1415 Fonteio

217 1442 382 1528 Agrippae
409 1447 441 1506 et
469 1441 614 1506 Domitio
637 1440 793 1524 Pollioni,
817 1442 904 1525 quod
927 1441 1089 1505 offerendo
1117 1442 1200 1505 filias
1224 1441 1263 1504 de
1287 1441 1399 1504 officio

187 1531 247 1597 sin
275 1553 343 1596 rem
370 1531 533 1615 publicam
566 1534 731 1595 certarent.
783 1530 926 1613 praelate
953 1534 1003 1593 est
1029 1530 1188 1595 Pollionis
1215 1530 1297 1614 filia,
1329 1552 1398 1603 uon

218 1620 259 1683 ob
292 1620 379 1685 alind
407 1642 503 1702 quam
532 1620 618 1704 quod
645 1625 746 1683 mater
772 1622 841 1684 eius
864 1620 899 1683 in
922 1620 1033 1684 eodem
1056 1620 1207 1705 coningio
1231 1618 1395 1702 manebat3

217 1732 293 1774 narn
316 1709 463 1795 Agrippa
487 1708 620 1773 discidio
645 1708 777 1772 domum
800 1709 1012 1773 imminuerat.
1057 1713 1090 1773 et
1114 1708 1230 1773 Caesar
1253 1708 1401 1792 quamvis

218 1797 436 1883 posthabitam
461 1797 588 1862 deciens
613 1798 753 1861 sestertii
777 1798 851 1862 dote
875 1797 996 1862 solatus
1020 1803 1078 1862 est.

166 1888 206 1954 87
309 1886 484 1952 Saevitiam
514 1908 659 1951 annonae
688 1886 854 1951 incusante
881 1886 975 1969 plebe
1005 1888 1119 1951 statuit
1141 1888 1304 1950 fmmento
1326 1908 1399 1970 pre·

219 1976 315 2060 tium,
343 1975 430 2059 quod
458 1981 585 2060 emptor
611 1976 777 2060 penderet,
805 1974 962 2059 binosque
985 1998 1134 2040 nummos
1158 1997 1192 2040 se
1215 1975 1398 2040 additurum

219 2065 475 2149 negotiatoribus
498 2066 533 2129 in
557 2065 702 2149 singulos
727 2065 860 2130 modios.
905 2087 1009 2148 neque
1032 2070 1139 2130 temen
1163 2064 1204 2129 ob
1228 2087 1265 2128 ea
1286 2085 1400 2147 paren·

102 2211 105 2216 ,
220 2154 263 2217 tis
289 2155 412 2238 patriae
440 2153 580 2217 delatum
609 2158 641 2218 et
668 2157 763 2218 antea
791 2154 981 2218 vocabulum
1009 2154 1198 2238 adsumpsit,
1221 2151 1398 2236 acerbeque

194 2243 380 2327 siucrepuit
413 2264 480 2327 eos,
513 2243 569 2327 qui
602 2243 725 2307 divinas
758 2245 985 2328 occupationes
1022 2245 1193 2327 ipsumque
1229 2241 1398 2305 dominum

220 2333 375 2396 dixerant.
421 2333 505 2396 unde
536 2338 673 2419 angusta
706 2337 738 2396 et
769 2333 894 2396 lubrica
926 2333 1029 2397 oratio
1063 2334 1122 2396 sub
1149 2332 1310 2416 principe,
1342 2330 1401 2414 qui

220 2421 403 2487 libertatem
427 2422 601 2506 metuebat,
624 2421 841 2486 adulationem
865 2422 984 2486 oderat.

167 2512 209 2578 88
310 2510 447 2595 Reperio
471 2511 557 2594 apud
580 2512 735 2596 sciptores
760 2515 988 2593 senatoresque
1016 2510 1189 2575 eorundem
1217 2514 1399 2592 temporum

221 2690 339 2741 trennen
362 2686 469 2756 musste)
492 2686 573 2740 nicht
595 2685 782 2754 verpflichtet,
834 2688 1007 2754 provinciam
1022 2689 1126 2741 iturum
1139 2702 1232 2752 neque,
1247 2691 1400 2751 antequem

221 2759 342 2813 sondern
352 2775 405 2811 nur
413 2774 464 2812 ror
481 2758 603 2811 anderen
615 2757 783 2826 berechtigt,
837 2758 908 2811 diem
927 2760 1018 2812 iturus
1035 2759 1081 2824 sit,
1099 2758 1225 2823 delinire,
1245 2754 1300 2809 Cic.
1321 2753 1397 2807 Verr.

221 2828 369 2882 innerhalb
424 2830 474 2881 der
529 2827 783 2898 n'dchstfolgenden
838 2831 891 2883 act.
912 2828 932 2890 Ι,
953 2834 994 2894 10,
1015 2834 1047 2881 31
1069 2829 1156 2882 decem
1174 2829 1232 2881 dies
1249 2834 1316 2881 suot
1336 2832 1401 2879 aute

222 2900 334 2969 sechzig
353 2899 429 2969 Tage
449 2900 489 2953 sie
508 2917 543 2952 zu
561 2898 722 2969 verhlagen.
837 2901 924 2954 ludos.

259 2976 300 3024 10.
325 2970 385 3025 Seri
404 2972 451 3025 bos
473 2970 511 3023 lie
571 2971 601 3022 in
625 2971 674 3023 der
701 2975 783 3024 west·
874 2971 922 3025 80.
949 2977 972 3025 1.
1000 2988 1094 3040 capere
1121 2970 1159 3022 ist
1187 2970 1237 3022 der
1265 2968 1399 3022 stehende

222 3041 316 3095 lichen
334 2988 422 3094 mite
442 3042 492 3094 der
511 2973 663 3109 {iliadem
837 3041 986 3102 Ausdruck
1004 3057 1058 3096 von
1073 3043 1123 3094 der
1136 3040 1221 3093 Wahl
1236 3041 1286 3094 der
1300 3038 1401 3092 Vesta-

260 3118 301 3167 11.
331 3114 483 3183 Aepyptils.
529 3112 586 3165 Der
613 3113 784 3182 unziichtige
840 3112 1098 3180 linnen,euch15,
1119 3118 1160 3166 22.

221 3183 325 3237 Kultus
344 3185 394 3236 der
411 3183 464 3236 Isis
482 3201 540 3236 war
555 3183 641 3237 achon
660 3201 709 3237 zur
723 3184 785 3237 Zeit
875 3190 898 3239 3.
934 3186 1086 3239 Vestalibus
1113 3186 1201 3238 sacris
1224 3183 1402 3252 praesederat

223 3255 272 3308 der
290 3253 433 3323 Republik
447 3254 608 3324 eingefdhrt
621 3256 679 3308 und
699 3256 784 3308 stand
838 3255 915 3308 lrann
948 3256 1009 3308 hier
1040 3273 1093 3307 nur
1124 3254 1226 3307 heissen
1259 3251 1400 3307 ‘Vestalin

223 3327 269 3380 bei
293 3327 347 3379 den
376 3328 507 3394 sp'dteren
534 3326 653 3379 Kaisern
680 3327 785 3379 wieder
838 3344 967 3397 gewesen
985 3328 1063 3380 war'.
1084 3358 1117 3366 —
1137 3326 1271 3380 Fonteius
1288 3341 1346 3377 wsr
1359 3323 1399 3374 im

224 3398 254 3452 in
282 3397 384 3453 hohem
411 3397 557 3464 Ansehen,
586 3413 616 3450 1ο
645 3397 700 3451 dab
728 3397 784 3451 Do·
838 3398 862 3455 J.
884 3405 916 3450 16
941 3398 982 3451 als
1005 3397 1150 3466 Ankldger
1173 3398 1222 3449 des
1245 3396 1315 3449 Libo
1339 3393 1400 3447 auf—

222 3470 337 3536 mitiun,
366 3468 533 3523 Commodus
556 3470 615 3522 und
639 3467 784 3522 Caracalla
839 3472 975 3539 getreten.

223 3541 312 3596 selbst
334 3541 507 3610 lsispriester
530 3542 653 3595 wurden.
679 3572 710 3580 -
736 3543 785 3595 Io·
877 3547 900 3595 8.
921 3544 1026 3595 ‹leccens
1039 3542 1190 3594 sestertium
1204 3539 1243 3591 ist
1256 3539 1307 3591 der
1320 3553 1401 3590 sena·

223 3614 319 3668 dalem.
348 3612 408 3665 Scit
427 3618 460 3665 63
479 3630 503 3667 v.
524 3611 585 3666 Chr.
606 3630 699 3665 waren
713 3612 785 3666 viele
840 3612 962 3665 torische
995 3610 1108 3665 Census.
1142 3643 1174 3649 —
1208 3597 1284 3662 llber
1313 3609 1402 3662 solari

222 3685 315 3739 Juden
339 3683 380 3737 als
405 3683 525 3738 Sklaven
548 3685 621 3737 nach
644 3684 716 3737 Rom
738 3701 785 3753 ge·
841 3686 912 3736 etatt
930 3684 1067 3738 consolari
1086 3701 1106 3736 1.
1126 3700 1148 3736 z.
1169 3686 1194 3748 1,
1214 3686 1255 3733 11.

223 3755 367 3824 hommen,
410 3757 485 3808 dann
522 3772 585 3808 zum
622 3754 684 3808 'leil
719 3754 786 3807 frei-
876 3755 925 3808 87.
961 3764 983 3808 1.
1016 3756 1133 3808 saevitia
1165 3768 1304 3817 sarronae,
1337 3749 1401 3801 eine

223 3828 360 3898 gelassen.
380 3859 415 3866 -
431 3834 546 3895 potrum
560 3828 720 3894 consultum,
739 3825 786 3879 fdr
840 3843 911 3878 neue
925 3825 1081 3893 Metapher,
1101 3825 1154 3877 wie
1172 3825 1288 3879 saevitia
1305 3823 1402 3885 moras,

224 3901 274 3953 das
303 3898 496 3968 gewdhnliche
524 3904 636 3952 senatos
663 3914 699 3965 c.,
731 3898 785 3951 wie
839 3899 946 3961 hiemis,
974 3898 1043 3951 caeli
1065 3896 1104 3948 im
1128 3894 1269 3949 silbemen
1291 3892 1400 3946 Latein.

225 3969 785 4036 14111,(1111111111111111111111.
841 3968 1023 4022 Gewdhnlich
1042 3970 1145 4022 caritas
1164 3982 1299 4020 annonae.

225 4039 261 4094 So
298 4040 370 4094 auch
407 4041 493 4093 auter
530 4041 580 4093 der
621 4039 787 4109 gehobenen
877 4046 901 4094 1.
922 4047 1012 4105 autea,
1034 4048 1057 4104 1,
1078 4044 1119 4093 72.

225 4110 347 4180 Spracbe
367 4111 441 4179 (Hor.
461 4129 504 4180 ep.
521 4119 545 4178 1,
561 4117 603 4179 16,
618 4114 662 4180 41)
678 4110 786 4165 Plinius
876 4117 900 4165 5.
921 4113 1014 4179 qui-
1031 4112 1161 4165 dixerant
1176 4108 1234 4161 ‘die
1248 4124 1310 4162 von
1325 4108 1402 4175 gott-

224 4200 251 4237 n.
270 4182 298 4236 h.
319 4186 343 4248 3,
360 4187 419 4236 138.
840 4181 942 4235 lichem
957 4180 1075 4234 Wirken
1090 4182 1149 4234 und
1162 4196 1226 4233 von
1239 4179 1299 4231 ihm
1313 4176 1403 4230 selbst

262 4259 302 4308 12.
318 4251 401 4305 Diese
416 4257 487 4306 4000
501 4254 614 4306 werden
629 4252 687 4306 also
703 4256 786 4306 unter
841 4253 882 4306 als
897 4254 961 4306 dem
974 4253 1065 4306 Herm
1079 4251 1276 4322 gesprochen',
1291 4267 1311 4304 1.
1326 4255 1352 4313 l,
1367 4251 1402 4300 23

226 4324 276 4378 das
295 4323 370 4378 Heer
388 4324 525 4393 gesteckt.
839 4325 898 4378 und
918 4331 941 4390 0,
960 4331 987 4378 4.

262 4401 303 4449 15.
324 4401 387 4448 ante
411 4394 466 4446 ‘bis
486 4395 540 4460 zu’,
564 4394 599 4448 cf.
619 4394 696 4450 Caes.
716 4396 742 4450 b.
763 4413 786 4451 c.
878 4395 926 4449 88.
966 4405 988 4450 1.
1025 4402 1224 4463 senatoresque,
1267 4389 1401 4444 ‘ndmlich

227 4470 252 4531 1,
272 4471 314 4532 11,
333 4472 348 4516 2
368 4467 494 4532 iniquum
508 4472 568 4519 erat
576 4468 703 4534 polliceri
716 4483 743 4521 sc
756 4469 787 4520 lu
843 4465 1022 4530 Senatoren’3
1041 4483 1091 4534 que
1108 4466 1147 4518 iat
1166 4463 1330 4533 explilrutiv,
1348 4462 1403 4513 wie
