3092 4834
221 303 286 366 140
367 302 397 357 Ρ.
417 301 588 357 CORNELII
607 301 727 359 TACITI
744 306 794 360 AB
812 303 973 360 Excusso
991 303 1069 358 DIVI
1087 304 1247 359 AUGUSTI

219 464 437 550 Rhescuporis
461 465 627 552 arguebat,
651 468 867 554 Pomponium
891 469 1050 552 Flaccum,
1072 473 1211 533 veterem
1231 470 1401 553 stipendiis

220 559 252 618 et
280 559 349 619 arta
378 577 451 620 cum
478 577 553 641 rege
576 559 720 623 amicitia
748 581 849 642 eoque
872 559 1195 623 accommodatiorem
1225 558 1264 621 ad
1287 558 1400 622 fallen-

220 644 310 726 dum,
335 644 375 708 ob
399 643 433 708 id
455 646 593 709 maxime
616 646 758 713 Moesiae
780 648 943 733 praefecit.

84 731 208 820 (64)67
311 731 445 798 Flaccus
473 734 506 797 in
530 732 718 801 Thraeciam
746 741 966 824 transgressus
994 758 1052 820 per
1074 736 1218 822 ingentia
1241 736 1404 820 promissa

221 822 368 906 quamvis
405 823 593 907 ambiguum
631 831 663 889 et
699 826 820 892 scelera
857 849 914 891 sua
949 828 1152 909 reputantem
1189 826 1330 910 perpulit
1362 832 1401 891 nt

218 911 378 995 praesidia
421 911 568 976 Romana
614 915 756 980 intraret.
818 914 1014 981 circumdata
1058 914 1134 979 hinc
1178 916 1247 1000 regi
1293 918 1403 1000 specie

218 1001 351 1066 honoris
374 1000 481 1065 valida
502 1024 626 1086 manus,
649 1003 836 1087 tribunique
860 1009 893 1068 et
914 1005 1116 1068 centuriones
1135 1005 1304 1088 monendo,
1328 1027 1398 1069 sua-

178 1116 190 1155 1
218 1090 336 1174 dendo,
374 1093 405 1154 et
443 1093 564 1174 quanto
600 1093 730 1177 longius
767 1093 1012 1176 abscedebatur,
1048 1093 1207 1175 apertiore
1244 1094 1402 1176 custodia,

218 1182 383 1263 postremo
407 1201 544 1264 gnarum
566 1184 767 1247 necessitatis
792 1184 825 1246 in
855 1183 967 1248 urbem
995 1186 1127 1246 traxere.
1174 1186 1340 1247 accusatus
1363 1185 1398 1247 in

219 1273 331 1333 senatu
360 1267 400 1332 ab
428 1289 528 1333 uxore
557 1266 668 1355 Cotyis
697 1272 881 1354 damnatur,
908 1276 947 1335 ut
968 1273 1081 1355 procul
1104 1292 1204 1357 regno
1228 1275 1398 1336 teneretur.

219 1356 373 1423 Thraecia
392 1357 426 1421 in
445 1357 696 1425 Rhoemetalcen
714 1361 829 1445 filium,
853 1383 947 1445 quem
967 1360 1108 1444 paternis
1128 1359 1271 1424 consiliis
1290 1361 1401 1426 adver·

219 1451 326 1511 satum
349 1447 530 1531 constabat,
555 1448 652 1532 inque
670 1450 790 1515 liberos
811 1448 921 1535 Cotyis
941 1449 1108 1532 dividitur3
1131 1451 1236 1533 iisque
1254 1450 1397 1514 nondum

7 1591 8 1620 ,
179 1562 205 1601 m
220 1537 338 1600 adultis
362 1535 570 1601 Trebellenus
594 1537 698 1602 Rufus
722 1543 873 1622 praetura
896 1539 1027 1604 functus
1051 1539 1157 1621 datur,
1184 1540 1240 1622 qui
1262 1561 1399 1625 regnum

7 1631 8 1660 ¹
219 1625 348 1690 interim
372 1630 533 1706 tractaret,
557 1629 705 1711 exemplo
729 1650 793 1711 quo
817 1629 954 1692 maiores
977 1627 1020 1691 M.
1044 1626 1200 1710 Lepidum
1221 1627 1399 1693 Ptolemaei

219 1714 329 1779 liberis
343 1718 484 1779 tutorem
499 1715 534 1779 in
547 1716 732 1801 Aegyptum
746 1718 908 1782 miserant.
939 1716 1158 1801 Rhescuporis
1168 1716 1399 1781 Alexandriam

220 1804 370 1868 devectus
385 1809 481 1887 atque
495 1803 563 1868 illic
581 1805 691 1891 fugam
711 1810 873 1891 temptans
893 1828 933 1869 an
947 1808 1024 1871 ficto
1044 1806 1177 1871 crimine
1196 1806 1400 1871 interficitur.

166 1891 209 1964 68
310 1891 372 1957 Per
403 1892 488 1957 idem
520 1898 647 1978 tempus
679 1894 847 1980 Vonones,
880 1918 974 1979 quem
1008 1899 1152 1961 amotum
1184 1896 1217 1960 in
1252 1894 1398 1960 Ciliciam

220 1982 410 2064 memoravi,
442 1984 603 2066 corruptis
637 1985 824 2050 custodibus
857 1986 998 2071 effugere
1031 1985 1071 2048 ad
1103 1984 1289 2068 Armenios,
1326 1985 1403 2049 inde

220 2069 364 2134 Albanos
384 2070 631 2155 Heniochosque
650 2077 682 2138 et
701 2075 975 2160 consanguineum
996 2074 1058 2138 sibi
1077 2095 1185 2158 regem
1205 2072 1397 2157 Scytharum

221 2162 354 2224 conatus
383 2163 440 2225 est.
490 2162 596 2244 specie
623 2164 760 2227 venandi
789 2164 916 2228 omissis
944 2163 1115 2228 maritimis
1140 2163 1221 2227 locis
1245 2164 1316 2226 avia
1339 2164 1400 2227 sal-

180 2273 192 2312 1
220 2252 313 2313 tuum
346 2250 452 2333 petiit,
484 2273 561 2314 mox
588 2253 777 2335 pernicitate
806 2253 880 2335 equi
908 2252 948 2316 ad
975 2273 1102 2317 amnem
1128 2250 1301 2335 Pyramum
1326 2273 1400 2315 con-

220 2338 333 2422 tendit,
357 2339 447 2403 cuius
471 2343 586 2423 pontes
610 2340 736 2406 accolae
759 2347 913 2426 ruperant
936 2341 1046 2405 audita
1067 2341 1152 2426 regis
1175 2341 1266 2426 fuga,
1295 2363 1402 2424 neque

220 2427 302 2492 vado
326 2431 485 2510 penetrari
508 2434 643 2513 poterat.
690 2430 792 2516 igitur
814 2432 848 2494 in
871 2431 943 2514 ripa
965 2431 1108 2494 fluminis
1137 2452 1155 2493 a
1178 2429 1276 2494 Vibio
1299 2429 1325 2493 F
1327 2451 1401 2495 ron·

221 2521 297 2581 tone
316 2517 476 2601 praefecto
496 2520 641 2603 equitum
661 2520 809 2602 vincitur,
832 2542 909 2585 mox
927 2519 1093 2584 Remmius
1113 2522 1272 2597 evocatus,
1295 2520 1397 2603 priori

221 2607 384 2670 custodiae
407 2608 492 2693 regis
516 2608 691 2692 adpositus,
716 2610 808 2692 quasi
830 2631 888 2692 per
910 2610 990 2672 iram
1015 2608 1122 2693 gladio
1146 2630 1219 2672 eum
1238 2608 1400 2693 transigit.

181 2695 305 2760 munde
334 2696 435 2759 maior
461 2696 540 2761 fides
568 2699 765 2763 conscientia
793 2699 921 2763 sceleris
950 2702 983 2763 et
1009 2701 1098 2761 metu
1126 2693 1397 2780 indiciif⁸mortem

224 2783 355 2849 Vononi
378 2785 521 2849 inlatam.

260 2910 283 2960 7.
304 2892 379 2958 liber
397 2906 517 2961 Flaccus
535 2925 555 2961 s.
576 2926 610 2961 au
629 2924 651 2960 c.
672 2914 714 2963 32.
840 2909 933 2962 lichen
951 2908 1129 2974 [Kaukasum
1161 2908 1217 2968 ssdie
1235 2907 1401 2978 §Heniochi

203 3003 206 3008 ·
259 2975 523 3031 67.7.Β15Ρ151
547 2980 595 3031 des
619 2977 703 3048 Cotys
727 2998 786 3033 war
841 2981 886 3033 ein
904 2980 1079 3047 Reitervolk,
1100 2979 1226 3033 westlich
1246 2979 1336 3033 daron
1354 2979 1401 3033 bis

226 3048 288 3100 eine
307 3046 428 3101 'I'ochter
442 3049 490 3102 des
504 3049 613 3119 Kbnigs
627 3049 740 3104 Polemo
754 3052 786 3104 in
841 3069 890 3105 ans
924 3052 1068 3105 Schwarae
1101 3051 1183 3103 Meer.
1213 3082 1246 3091 —
1275 3052 1403 3106 Albanae

223 3118 387 3172 Kleinasien
419 3126 449 3187 (s.
485 3136 507 3173 c.
537 3123 589 3189 56).
622 3153 657 3160 -
686 3125 786 3191 procui
841 3124 913 3176 ohne
950 3123 995 3178 ad.
1050 3122 1102 3176 Die
1140 3122 1319 3191 Prepesition
1360 3123 1400 3175 im

224 3190 278 3243 mit
295 3189 407 3243 blosscm
425 3190 488 3245 Abl.
508 3191 554 3244 bei
573 3191 708 3245 Dichtern
727 3195 786 3247 und
841 3200 865 3247 2.
891 3194 989 3248 Gliede
1017 3193 1209 3264 ausgelassen‚
1238 3193 1290 3245 wie
1319 3198 1348 3261 3,
1370 3199 1400 3259 93

223 3260 786 3335 innachklass.Prosa,beiTach'aufiger
840 3272 865 3332 4,
886 3271 932 3330 16;
952 3272 976 3332 6,
996 3272 1028 3319 51
1048 3283 1075 3319 u.
1100 3271 1124 3318 ὅ.
1161 3264 1332 3333 Auffaffiger
1352 3265 1401 3318 bei

227 3332 269 3385 als
287 3333 341 3386 mit
359 3334 401 3387 ab.
840 3354 897 3392 aaa
914 3336 1186 3403 1115115,55ἀ11151.1,
1205 3342 1230 3390 4.
1264 3334 1299 3388 So
1314 3336 1401 3389 sehon

262 3409 285 3459 9.
305 3407 336 3458 ia
355 3406 452 3459 liberas
470 3405 634 3459 bezeichnet
653 3407 698 3459 die
718 3407 786 3462 Ver·
840 3408 910 3477 Nep.
940 3408 1005 3462 Con.
1034 3415 1064 3474 5,
1088 3414 1103 3461 2
1132 3426 1189 3463 raa
1214 3410 1302 3463 solam
1329 3410 1403 3461 mter

224 3475 347 3545 teilung;
366 3494 387 3530 s.
407 3494 441 3529 nu
461 3482 485 3544 1,
500 3482 542 3530 55.
580 3476 641 3530 Den
664 3477 785 3532 5111511511
841 3481 980 3546 barbaros,
998 3481 1045 3534 aed
1063 3481 1144 3534 etiam
1162 3497 1252 3534 omnes
1268 3477 1403 3534 Graeciae

225 3547 315 3613 Sohn,
338 3545 435 3616 Cotys,
458 3547 570 3601 machte
594 3548 722 3619 Caligula
745 3551 786 3604 im
840 3554 974 3617 civitates,
998 3550 1053 3606 Cic.
1078 3568 1129 3619 pro
1156 3550 1256 3605 Flacco
1283 3555 1315 3604 17
1343 3568 1401 3605 aaa

224 3619 360 3672 ι1311111111
369 3619 785 3689 KbnigvonKlein-Armenien.
839 3624 927 3677 solam
944 3625 976 3676 ia
994 3624 1121 3688 Graecia,
1139 3624 1185 3677 sed
1194 3640 1281 3693 prope
1295 3624 1402 3677 canatis

263 3696 304 3744 10.
325 3692 419 3758 Rafas
437 3691 507 3745 wird
526 3691 565 3744 im
584 3692 609 3746 J.
631 3697 663 3746 35
688 3711 786 3763 wegen
839 3696 964 3764 partibas
982 3695 1127 3749 emftebaat.

226 3762 465 3816 seinesVerkehrs
475 3763 528 3815 mit
538 3762 621 3833 Sejan
632 3765 786 3834 angelrlagt
876 3772 892 3818 4
912 3767 976 3820 aria
989 3767 1118 3832 saltuem,
1132 3765 1185 3818 wie
1200 3783 1223 3819 c.
1241 3772 1273 3819 15
1290 3765 1400 3832 Oceani,

225 3834 285 3886 und
303 3851 366 3886 aum
387 3833 561 3888 Selbstmord
579 3836 731 3904 gettieben.
842 3842 884 3903 13,
904 3842 936 3890 37
956 3838 1111 3903 Armeniae,
1132 3836 1203 3890 01111
1221 3840 1286 3891 met.
1308 3844 1332 3903 1,
1347 3842 1401 3891 479

263 3911 304 3959 11,
324 3908 442 3973 caempIo
461 3908 532 3959 statt
550 3907 640 3960 eodem
658 3909 786 3976 exemplo,
840 3926 979 3963 remoram
997 3911 1069 3963 aeia.
1099 3907 1125 3961 S.
1144 3907 1217 3962 Rinl.
1240 3916 1255 3975 ξ
1274 3914 1318 3976 40,
1336 3908 1363 3962 h.

226 3993 245 4028 s.
271 3993 305 4027 au
330 3992 351 4028 c.
377 3982 459 4043 63,8.
485 4009 518 4016 -
542 3975 640 4030 Dieser
662 3978 786 4047 Lepidus
877 3986 901 4033 5.
920 3979 977 4032 Der
990 3980 1130 4048 Pyramus
1147 3979 1227 4033 fliecr
1245 3982 1317 4033 etwa
1334 3980 1403 4033 acht

226 4047 303 4099 ward
327 4045 472 4101 Vormund
496 4049 545 4101 der
568 4048 669 4101 beiden
693 4049 785 4103 Sdhne
840 4050 944 4103 Meilen
963 4050 1063 4104 bstlich
1082 4067 1137 4105 von
1155 4050 1372 4120 Pompeiopolis.

226 4119 275 4171 des
289 4116 466 4172 Ptolemaeus
480 4118 650 4187 Epiphanes,
670 4121 720 4173 der
734 4126 785 4174 181
877 4126 900 4175 8.
917 4120 968 4174 Die
983 4124 1085 4177 evocati
1099 4120 1261 4190 (ἀνάκλητοι
1277 4123 1323 4177 bei
1337 4121 1403 4192 Dio)

226 4188 376 4259 gestorben
395 4206 460 4241 war.
841 4209 934 4245 waren
952 4192 1133 4262 Freiwillige,
1175 4194 1285 4247 ediante
1304 4194 1401 4260 Lente,

265 4265 306 4314 13.
326 4247 402 4313 liber
420 4278 458 4314 aa
477 4279 498 4315 s.
518 4260 591 4316 Rinl.
611 4268 626 4327 ς
645 4266 686 4316 83.
842 4264 887 4317 1115
906 4264 946 4317 im
965 4264 1061 4334 Range
1079 4265 1138 4318 und
1154 4212 1241 4319 Calda
1260 4265 1403 4319 115110511-

261 4330 312 4385 68.
342 4337 365 4384 1.
396 4333 534 4399 Ciliciam,
562 4333 685 4387 namlich
714 4333 787 4387 nach
841 4336 971 4388 turionen
990 4335 1211 4406 gleichstanden.

226 4402 436 4471 Pompejopolis
455 4420 491 4456 an
511 4404 560 4457 der
578 4405 679 4472 Kiiste,
701 4422 723 4459 c.
744 4411 788 4460 58.
880 4412 904 4460 9.
934 4408 1087 4476 adpositas,
1115 4408 1168 4461 wie
1198 4416 1221 4475 1,
1246 4414 1261 4461 6
1290 4410 1403 4463 trabam

264 4479 287 4528 3.
307 4472 359 4526 Die
383 4476 490 4529 Albaai
512 4474 643 4528 wohnten
669 4477 708 4529 im
732 4479 788 4530 ast·
843 4479 981 4533 custodiae
999 4479 1132 4548 adposito.
