3092 4834
548 262 657 317 LIBER
674 263 722 318 111.
759 262 837 318 CAP.
858 269 969 319 12-14.
1278 264 1341 330 165

128 449 131 452 ·
173 449 297 492 veneno
324 428 520 511 interceptus
548 432 647 507 esset,
675 426 704 491 si
730 425 854 490 ineerta
881 425 985 491 adhuc
1017 428 1082 492 ista
1109 431 1142 492 et
1169 428 1341 493 scrutanda

175 516 272 581 sunt?
322 517 423 582 defleo
452 516 598 601 equidem
630 515 735 580 filium
765 536 873 580 meum
900 537 1088 600 semperque
1116 515 1252 582 deflebo:
1285 517 1340 582 sed

174 627 278 690 neque
301 627 391 670 reum
414 605 585 688 prohibeo,
613 626 676 688 quo
700 603 806 667 minus
829 609 945 669 cuneta
967 605 1127 687 proferat,
1150 604 1264 689 quibus
1293 606 1339 669 iu·
1358 621 1392 672 20

174 694 325 759 nocentia
353 695 419 759 eius
448 693 609 759 sublevari
637 695 706 775 aut,
734 692 762 756 si
791 714 854 776 qua
882 691 946 757 fuit
973 693 1127 778 iniquitas
1150 691 1341 777 Germanici,

173 784 305 868 coargui
329 784 443 867 possit,
467 803 588 865 vosque
612 802 679 860 oro,
703 803 753 864 ne,
777 781 853 866 quia
877 781 982 847 dolori
1005 802 1077 846 meo
1102 802 1197 846 causa
1220 802 1341 846 conexa

173 875 231 954 est,
251 872 376 937 obiecta
394 872 530 937 crimina
549 892 608 956 pro
632 870 819 954 adprobatis
844 869 1019 952 accipietis.
1056 870 1084 934 si
1107 891 1187 953 quos
1210 869 1340 954 propin·

74 1029 78 1040 ,
174 982 255 1043 quus
283 960 417 1044 sanguis
445 964 502 1024 aut
528 960 607 1024 fides
636 980 694 1023 sua
719 962 874 1042 patronos
898 957 1000 1042 dedit,
1023 963 1182 1043 quantum
1206 958 1341 1043 quisque

173 1047 356 1133 eloquentia
389 1052 421 1112 et
457 1069 532 1113 cura
565 1049 666 1133 valet,
697 1047 805 1111 iuvate
841 1047 1092 1132 periclitantem
1126 1047 1166 1111 ad
1202 1047 1392 1111 eundemne

174 1137 333 1219 laborem,
365 1136 499 1201 eandem
526 1136 742 1201 constantiam
771 1139 974 1201 accusatores
1002 1136 1124 1201 hortor.
1174 1134 1207 1198 id
1236 1136 1341 1199 solum

173 1223 367 1290 Germanico
400 1246 495 1309 super
525 1224 612 1310 leges
640 1223 911 1308 praestiterimus,
940 1224 1025 1308 quod
1053 1225 1088 1288 in
1117 1223 1206 1289 curia
1232 1225 1341 1308 potius

175 1335 271 1397 quam
295 1315 330 1378 in
347 1313 428 1397 fore,
448 1313 532 1396 apud
552 1316 700 1378 senatum
720 1334 818 1397 quam
837 1314 921 1396 apud
940 1312 1060 1377 iudices
1082 1312 1121 1378 de
1145 1316 1249 1377 morte
1273 1312 1341 1378 eius

175 1403 368 1487 anquiritur3
411 1406 518 1468 cetera
559 1402 631 1485 pari
669 1401 828 1466 modestia
863 1404 1051 1467 tractentur.
1109 1422 1205 1465 nemo
1243 1401 1342 1465 Drusi

173 1491 338 1575 lacrimas,
360 1512 455 1555 nemo
477 1489 674 1555 maestitiam
696 1511 803 1554 meam
827 1493 964 1572 spectet,
987 1510 1045 1554 nec
1072 1490 1099 1553 si
1128 1511 1191 1573 qua
1218 1489 1252 1553 in
1281 1511 1341 1555 nos
1360 1505 1395 1553 30

175 1579 307 1644 adversa
329 1578 515 1664 finguntur?

262 1667 348 1732 Exin
379 1667 512 1732 biduum
544 1666 732 1732 criminibus
766 1666 943 1731 obiciendis
971 1666 1128 1731 statuitur
1154 1670 1252 1750 utque
1286 1688 1340 1731 sex
1353 1667 1393 1731 13

174 1755 297 1820 dierum
325 1757 431 1840 spatio
456 1757 627 1821 interiecto
652 1777 726 1821 reus
748 1776 807 1839 per
829 1756 972 1819 triduum
995 1754 1227 1820 defenderetur.
1271 1757 1341 1819 tum

174 1843 338 1909 Fulcinius
357 1849 466 1909 vetera
490 1849 522 1909 et
539 1844 650 1909 inania
669 1843 802 1927 orditur,
822 1844 993 1909 ambitiose
1015 1865 1173 1928 avareque
1195 1842 1340 1908 habitam

174 1931 381 2017 Hispaniam
403 1932 489 2018 quod
507 1954 611 2017 neque
632 1934 816 1998 convictum
838 1954 940 1997 noxae
963 1954 1028 2013 reo,
1051 1931 1080 1996 si
1103 1932 1245 1998 recentia
1267 1954 1341 2017 pur-

174 2027 274 2106 garet,
294 2044 398 2106 neque
417 2021 582 2086 defensum
602 2021 803 2086 absolutioni
825 2026 904 2104 erat,
927 2020 955 2086 si
977 2024 1141 2086 teneretur
1164 2020 1341 2085 maioribus
1378 2037 1394 2085 ὀ

173 2111 316 2195 flagitiis.
365 2114 441 2193 post
469 2131 564 2195 quem
593 2107 747 2174 Servaeus
781 2113 813 2174 et
839 2109 999 2174 Veranius
1027 2114 1060 2175 et
1088 2108 1239 2174 Vitellius
1268 2130 1339 2175 eon·

177 2199 276 2263 simili
296 2198 413 2281 studio,
436 2204 469 2262 et
492 2199 595 2262 multa
617 2198 803 2282 eloquentia
820 2197 983 2284 Vitellius,
1006 2198 1149 2263 obiecere
1172 2198 1246 2263 odio
1265 2198 1342 2263 Ger·

175 2286 294 2352 manici
317 2291 349 2351 et
372 2309 479 2351 rerum
501 2307 658 2351 novarum
683 2285 790 2350 studio
809 2285 960 2351 Pisonem
984 2287 1098 2369 vulgus
1122 2287 1262 2352 militum
1286 2309 1342 2370 per

176 2377 340 2442 licentiam
365 2379 398 2441 et
421 2374 582 2441 sociorum
605 2374 741 2439 iniurias
765 2395 803 2438 eo
827 2397 929 2459 usque
953 2375 1149 2458 conrupisse,
1171 2378 1208 2439 ut
1225 2396 1341 2458 parens

176 2465 342 2550 legionum
366 2488 386 2529 a
405 2463 587 2529 deterrimis
611 2464 840 2547 appellaretur3
865 2466 976 2527 contra
998 2463 1033 2527 in
1056 2461 1215 2546 optimum
1233 2484 1341 2547 quem·
1363 2479 1395 2527 10

175 2576 248 2638 que,
278 2554 418 2618 maxime
451 2554 487 2618 in
518 2552 653 2617 comites
681 2556 713 2616 et
741 2551 861 2616 amicos
889 2550 1073 2615 Germanici
1105 2552 1257 2630 saevisse,
1286 2574 1341 2636 po·

175 2646 294 2707 stremo
313 2643 421 2726 ipsum
441 2640 665 2707 devotionibus
685 2645 717 2705 et
735 2662 860 2706 veneno
879 2640 1061 2725 peremisse.
1099 2661 1190 2705 saera
1212 2640 1288 2704 hine
1310 2645 1343 2705 et

175 2731 414 2795 immolationes
443 2729 601 2795 nefandas
629 2730 731 2813 ipsius
760 2732 856 2812 atque
880 2729 1063 2810 Plancinae,
1085 2729 1220 2812 petitam
1244 2728 1342 2792 armis

174 2840 243 2883 rem
266 2819 440 2901 publicam,
463 2822 561 2904 utque
584 2840 659 2882 reus
683 2819 736 2903 agi
760 2822 879 2903 posset,
903 2817 969 2882 acie
994 2818 1123 2883 vietum.

264 2906 416 2971 Defensio
450 2907 484 2971 in
516 2907 629 2973 ceteris
663 2906 850 2990 trepidavit3
886 2928 964 2971 nam
995 2927 1099 2990 neque
1132 2905 1340 2970 ambitionem
1354 2905 1395 2969 14

175 2995 349 3061 militarem
386 3018 487 3081 neque
523 2995 723 3080 provinciam
759 2996 899 3078 pessimo
937 2995 1050 3079 cuique
1084 2993 1271 3080 obnoxiam,
1302 3016 1342 3058 ne

174 3086 385 3150 contumelias
417 3085 544 3170 quidem
577 3084 747 3149 adversum
779 3083 1007 3169 imperatorem
1039 3083 1172 3148 infitiari
1204 3087 1341 3167 poterat.

174 3174 279 3239 solum
302 3175 415 3239 veneni
443 3174 565 3238 crimen
591 3174 680 3237 visus
708 3175 760 3237 est
788 3171 933 3255 diluisse,
956 3172 1040 3256 quod
1071 3194 1111 3236 ne
1140 3176 1341 3239 accusatores

176 3263 304 3346 quidem
337 3264 417 3328 satis
450 3263 636 3345 firmabant,
667 3262 701 3324 in
735 3261 882 3327 convivio
914 3260 1109 3346 Germanici,
1141 3283 1214 3326 cum
1247 3282 1342 3345 super
1378 3276 1394 3325 5

175 3435 306 3489 Wechsel
324 3437 373 3489 des
391 3435 505 3490 aktiven
522 3435 579 3488 und
599 3434 731 3504 passiven
822 3440 847 3489 4.
870 3434 1052 3504 Hispaniam,
1083 3435 1208 3490 ntmlich
1240 3433 1342 3488 Turre·

174 3503 313 3559 Infinitive
335 3506 386 3558 hat
403 3504 516 3559 Tacitus
534 3507 605 3560 auch
630 3510 676 3574 13,
701 3511 730 3570 ῖς
786 3520 930 3561 cometem.
957 3536 990 3545 -
1024 3505 1076 3560 Die
1103 3504 1254 3574 Participia
1281 3521 1343 3559 corr-

175 3593 226 3629 vor
248 3574 308 3628 ihm
331 3574 416 3629 echon
440 3576 524 3630 Ciisar
545 3574 573 3630 b.
596 3593 619 3630 c.
644 3582 673 3644 1,
697 3582 730 3629 32
785 3577 878 3643 fictum
909 3578 967 3630 und
998 3578 1136 3644 defensum
1173 3577 1271 3631 stehen
1298 3575 1344 3628 fiir

175 3647 268 3702 omniu
281 3647 439 3715 permisceri
456 3647 566 3701 mallent
583 3663 665 3715 qaam
682 3647 732 3700 im·
787 3647 868 3700 einen
893 3647 1144 3717 Bedingungssata,
1168 3647 1224 3717 vgl.
1246 3663 1288 3715 cp.
1308 3650 1342 3699 45

170 3718 281 3787 perirem
298 3718 444 3782 dimittere3
471 3723 503 3772 61
523 3718 679 3786 conquirere
698 3748 732 3756 —
786 3718 877 3784 uictis,
914 3723 947 3771 52
980 3724 1124 3786 retentum,
1160 3716 1225 3772 hist.
1259 3723 1284 3786 3,
1308 3721 1342 3771 66

174 3789 289 3854 adduam
313 3794 343 3856 2,
367 3793 414 3854 313
437 3788 497 3843 Liv.
516 3792 563 3855 29,
587 3794 616 3854 43
636 3793 678 3857 34,
697 3794 731 3842 37
785 3789 864 3843 victis
890 3819 923 3828 -
950 3791 1062 3857 deditis,
1090 3789 1155 3859 Agr.
1180 3793 1212 3842 16
1240 3790 1272 3843 ier
1298 3789 1342 3843 dc·

173 3858 231 3914 und
249 3861 330 3917 diter.
785 3860 864 3915 ditos.
998 3885 1001 3891 ¹
1409 3865 1416 3872 “

210 3936 252 3985 34.
273 3932 340 3999 fides
359 3929 473 3985 ‘Pflicht
491 3931 547 3984 und
567 3929 731 3998 Gewissen’,
822 3938 847 3985 6.
866 3918 940 3986 liber
958 3932 1092 3988 Seruaeus
1110 3950 1131 3986 s.
1150 3948 1184 3984 au
1201 3936 1226 3999 2,
1246 3937 1288 3985 56.
1308 3962 1342 3971 -

173 4001 230 4071 vgl.
250 4001 305 4057 Cic.
330 4003 366 4056 ad
385 4001 479 4068 Quint.
499 4003 532 4057 fr.
551 4008 577 4068 3,
591 4005 647 4069 4,3
671 4018 733 4056 erem
790 4000 850 4056 Von
892 4003 1016 4059 Vitellius
1057 4006 1121 4072 sagt
1162 4000 1211 4056 der
1253 4002 1342 4056 tltere

174 4075 354 4158 testimonium
370 4074 617 4158 ¹seertrrdurrrfldem
631 4079 656 4128 et
669 4074 731 4128 reli·
786 4072 907 4155 Plinius,
936 4091 965 4129 er
993 4072 1067 4128 habe
1094 4074 1136 4127 als
1160 4071 1266 4128 Beweis
1294 4073 1342 4126 des

172 4145 731 4285 pwqunquqqqqqqkqaqsrisssffiwd,
787 4142 1342 4296 gqqunqqdeqeraqqeeisqqert,lestingergqq

174 4286 272 4340 nation
290 4286 367 4341 einer
384 4284 577 4356 Konjunktion
597 4286 651 4339 mit
668 4285 733 4339 dem
786 4285 866 4339 nicus
907 4286 987 4340 meht
1022 4286 1075 4340 mit
1112 4287 1265 4341 verbranut
1301 4298 1342 4337 ser

174 4355 731 4425 finalenDativ,derroraufgeht,s.Einl.
789 4358 874 4422 [115.
897 4359 966 4425 187).

175 4432 198 4492 3.
219 4433 277 4495 119,
299 4434 339 4482 11.
823 4424 868 4482 14.
889 4432 912 4482 5.
931 4428 1049 4495 firmare,
1069 4444 1089 4480 s.
1109 4442 1142 4479 eu
1162 4432 1185 4492 1,
1204 4429 1246 4478 81.
