3092 4834
183 225 248 290 248
330 210 368 279 P(
382 224 553 281 CORNELII
571 223 692 279 TAOlTl
710 222 758 276 AB
777 221 938 278 Excussa
958 221 1036 278 DIVI
1054 221 1212 278 AUGUSTI

148 399 203 452 se
231 388 364 453 ducibus
391 387 499 469 Dinis,
530 387 701 470 provectus
730 387 860 449 senecta
888 389 921 448 et
948 385 1046 469 longo
1076 408 1136 449 usu
1164 386 1230 450 vim
1258 391 1361 472 atque

185 476 388 540 elementiam
411 475 595 539 Romanam
618 472 764 556 edoctus,
791 472 939 556 ponenda
963 495 1067 554 arma,
1096 495 1195 537 unum
1220 475 1360 541 adflictis

184 564 218 628 id
241 563 418 629 remedium
441 562 636 643 disserebat,
662 561 850 645 primusque
874 581 908 625 se
932 582 1004 625 cum
1029 562 1165 645 coniuge
1188 567 1221 626 et
1243 564 1358 628 liberis

185 652 299 717 victori
330 651 491 734 permisit3
529 650 631 715 secuti
663 651 770 713 aetate
803 653 860 712 aut
892 669 969 713 sexu
1001 650 1143 715 inbecilli
1176 654 1209 714 ct
1240 653 1361 734 quibus

67 815 70 820 ,
185 738 289 805 maior
317 745 402 805 vitae
431 761 528 824 quam
556 739 679 823 gloriae
707 736 832 820 cupido.
879 740 914 800 at
938 737 1088 803 iuventus
1113 737 1249 803 Tarsam
1271 742 1361 804 inter

132 839 166 889 10
185 833 218 893 et
245 827 392 893 Turesim
421 827 672 892 distrahebatur.
721 826 850 908 utrique
878 824 1075 891 destinatum
1104 848 1177 891 cum
1204 827 1360 893 libertate

185 917 341 1000 occidere,
378 915 434 980 scd
467 915 569 979 Tarsa
604 934 778 998 properum
814 914 925 991 finem,
963 914 1200 998 abrumpendas
1236 917 1360 999 pariter

185 1026 259 1089 spes
288 1025 326 1070 ao
353 1007 457 1068 metus
486 1003 670 1083 clamitans,
697 1000 786 1066 dedit
813 1002 994 1085 exemplum
1023 1002 1163 1069 demisso
1188 1003 1222 1067 in
1244 1008 1359 1088 pectus

183 1094 288 1177 ferro,
315 1114 375 1157 ncc
402 1092 530 1156 defuere
559 1090 614 1174 qui
642 1089 754 1155 eodem
780 1090 876 1154 modo
900 1092 1098 1173 oppeterent.
1144 1090 1275 1156 Turesis
1299 1114 1358 1158 sua

183 1204 257 1247 cum
280 1202 379 1246 manu
401 1185 530 1245 noctem
555 1179 734 1262 opperitur,
757 1176 845 1241 baud
868 1179 977 1242 nescio
1001 1178 1080 1244 duce
1102 1183 1229 1265 nostro;
1256 1181 1358 1267 igitur

131 1278 164 1329 15
183 1271 333 1334 firmatae
357 1267 515 1333 stationes
537 1266 740 1331 densioribus
759 1265 878 1349 globis.
920 1271 952 1330 et
969 1265 1143 1351 ingruebat
1161 1291 1227 1333 nox
1245 1271 1358 1334 nimbo

184 1362 293 1441 atrox,
315 1357 483 1441 hostisque
506 1357 646 1420 clamore
665 1353 806 1435 turbido,
829 1353 925 1418 modo
949 1376 1007 1438 per
1030 1359 1158 1420 vastum
1182 1358 1361 1441 silentium,

182 1447 322 1510 incertos
351 1445 538 1510 obsessores
565 1443 728 1526 effecerat,
755 1463 828 1506 cum
853 1439 992 1507 Sabinus
1015 1444 1198 1529 circumire,
1224 1445 1361 1529 hortari,

181 1556 223 1598 ne
250 1534 290 1598 ad
318 1534 471 1618 ambigua
499 1532 624 1596 sonitus
652 1535 709 1595 aut
736 1530 978 1595 simulationem
1002 1532 1120 1616 quietis
1145 1554 1255 1598 casum
1279 1535 1359 1599 insi·

183 1621 346 1687 diantibus
374 1622 550 1706 aperirent,
577 1619 634 1683 sed
662 1641 720 1683 sua
748 1619 882 1702 quisque
908 1619 1018 1683 munia
1041 1626 1208 1685 servarent
1229 1622 1358 1687 immoti

129 1720 164 1768 20
184 1712 321 1794 telisque
343 1732 410 1775 non
432 1710 468 1786 in
491 1709 610 1772 falsum
632 1707 736 1771 iactis.

129 1792 171 1856 51
271 1798 399 1864 Interea
440 1797 571 1861 barbari
612 1795 750 1859 catervis
792 1794 995 1859 decurrentes
1036 1818 1121 1861 nunc
1162 1797 1195 1861 in
1236 1800 1358 1864 vallum

182 1887 349 1951 manualia
376 1907 467 1967 saxa,
499 1887 668 1967 praeustas
697 1882 806 1961 sudes,
840 1882 948 1946 decisa
975 1884 1094 1949 robora
1121 1886 1238 1968 iacere,
1273 1910 1360 1953 nunc

183 1975 334 2056 virgultis
363 1977 396 2037 et
422 1973 566 2038 cratibus
595 1976 627 2036 et
654 1971 843 2054 corporibus
874 1971 1030 2036 exanimis
1061 1975 1220 2057 complere
1243 1975 1359 2061 fossas,

183 2062 312 2146 quidam
345 2061 456 2145 pontis
484 2064 517 2124 et
544 2061 648 2125 scalas
677 2065 751 2123 ante
779 2059 932 2123 fabricati
959 2059 1079 2124 inferre
1106 2066 1361 2147 propugnaculis

147 2157 283 2234 beaque
314 2171 480 2233 prensare,
512 2149 679 2213 detrahere
707 2151 741 2212 et
768 2148 939 2212 adversum
966 2149 1149 2214 resistentis
1178 2154 1358 2218 comminus

181 2240 252 2304 niti.
298 2239 390 2302 miles
410 2242 523 2303 eontra
547 2236 719 2302 deturbare
741 2236 825 2319 telis,
847 2236 966 2318 pellere
990 2238 1194 2324 umbonibus,
1218 2242 1357 2305 muralia

182 2327 257 2412 pila,
281 2331 453 2410 congestas
472 2324 616 2409 lapidum
635 2325 738 2390 moles
757 2324 958 2408 provolvere.
998 2325 1051 2390 his
1068 2331 1183 2410 partae
1201 2328 1358 2394 victoriae

183 2437 256 2500 spes
278 2420 319 2499 et,
343 2416 371 2479 si
390 2414 515 2495 cedant,
537 2414 723 2499 insignitius
742 2412 912 2496 flagitium,
935 2411 1001 2477 illis
1021 2419 1166 2479 extrema
1185 2416 1250 2480 iam
1269 2419 1358 2483 salus

184 2507 217 2569 et
239 2504 434 2569 adsistentes
459 2502 619 2586 plerisque
642 2504 763 2566 matres
787 2506 820 2566 et
843 2501 996 2585 coniuges
1020 2524 1193 2587 earumque
1214 2505 1358 2570 lamenta

131 2602 164 2650 10
184 2593 307 2657 addunt
335 2592 470 2657 animos.
517 2612 583 2655 nox
610 2591 682 2655 aliis
710 2590 745 2653 in
772 2589 955 2672 audaciam,
982 2590 1054 2656 aliis
1083 2592 1123 2655 ad
1151 2593 1358 2659 formidinem

184 2685 381 2766 opportuna3
418 2680 535 2744 incerti
571 2679 669 2762 ictus,
707 2679 840 2742 vulnera
876 2678 1054 2765 inprovisa3
1091 2701 1222 2745 suorum
1260 2687 1357 2768 atque

159 2784 160 2787 ’
183 2771 326 2835 hostium
350 2768 512 2855 ignoratio
533 2771 566 2831 et
584 2768 706 2833 montis
726 2766 875 2831 anfractu
894 2787 1101 2849 repercussae
1121 2770 1208 2833 velut
1227 2794 1246 2835 a
1265 2776 1356 2857 tergo

183 2880 278 2923 voces
302 2859 382 2922 adeo
405 2861 520 2921 cuneta
539 2857 745 2937 miscuerant,
766 2859 804 2920 ut
824 2854 980 2939 quaedam
999 2857 1199 2922 munimenta
1217 2858 1358 2925 Romani

183 2947 276 3030 quasi
299 2950 453 3029 perrupta
477 2945 656 3010 omiserint.
701 2965 807 3027 neque
830 2950 941 3008 tamen
965 2965 1135 3027 pervasere
1158 2947 1269 3013 hostes
1291 2949 1356 3013 nisi

131 3041 164 3090 15
184 3033 356 3098 admodum
388 3033 495 3116 pauci:
533 3035 671 3115 ceteros,
709 3031 830 3098 deiecto
862 3034 1108 3115 promptissimo
1142 3056 1268 3119 quoque
1300 3041 1358 3101 aut

183 3121 303 3204 saucio,
326 3120 496 3204 adpetente
518 3119 584 3183 iam
607 3121 678 3185 luce
701 3125 827 3184 trusere
849 3121 883 3184 in
907 3141 1034 3186 summa
1055 3123 1190 3207 castelli,
1213 3126 1269 3189 ubi
1287 3130 1356 3190 tan-

182 3315 232 3369 der
254 3313 360 3369 Tdhrcr
384 3312 471 3368 Dinis.
507 3312 551 3368 An
575 3312 624 3367 der
647 3314 741 3383 Spitae
830 3318 873 3368 20.
892 3314 924 3367 ia
941 3313 1052 3379 salsum.
1089 3316 1154 3386 Vgl.
1168 3320 1194 3385 3,
1210 3323 1243 3372 56
1258 3319 1290 3373 ta
1302 3320 1357 3386 sal·

182 3386 233 3441 der
251 3391 276 3441 2.
295 3386 377 3440 stand
396 3385 493 3451 Tarsa,
513 3383 563 3438 der
582 3393 605 3439 3.
620 3383 741 3440 Turesis.
793 3400 855 3438 aum
872 3390 963 3440 aucta.

218 3463 243 3512 9.
264 3458 344 3513 inter.
379 3443 455 3539 iiber
481 3455 558 3511 diese
580 3456 664 3511 Form
693 3456 742 3510 der
831 3471 920 3528 51.1.
940 3474 1056 3529 catervis
1074 3475 1354 3547 stampensium,

182 3526 663 3612 Anatrophes.n1n1.s.1re,b.
795 3543 935 3598 wichia.
962 3548 992 3612 a,
1016 3549 1050 3598 42
1075 3546 1189 3601 eamve
1212 3553 1238 3603 et
1264 3550 1357 3604 aneu

218 3602 261 3654 11·
276 3615 424 3669 mimum
438 3599 519 3666 dmm
535 3599 680 3653 damiam
700 3597 741 3652 ‘ef
794 3616 999 3669 coacwrebunt.
1038 3614 1063 3670 S.
1084 3614 1156 3672 Einl.
1176 3622 1200 3682 ξ.
1220 3611 1263 3675 372

181 3668 1356 3810 mmmmemmm

181 3818 245 3878 tcm3
264 3831 285 3866 s.
304 3830 338 3865 zu
356 3816 380 3875 2,
401 3814 444 3863 24.
795 3790 855 3844 ⁸1²oe
874 3777 938 3876 Αῗθ·
1049 3864 1055 3876 .
1310 3869 1315 3880 ¹
1340 3868 1346 3880 Ι

218 3886 260 3937 15.
278 3882 373 3953 plotus
393 3880 514 3947 ‘Sohar',
533 3897 553 3935 s.
574 3885 598 3949 1,
618 3884 660 3935 25.
833 3869 874 3918 1⁰·
895 3878 928 3917 Μ
950 3863 1100 3917 audactam
1118 3894 1152 3903 -
1171 3867 1210 3920 ad
1231 3868 1358 3934 sermeda-

218 3958 261 4008 16.
283 3952 362 4007 modo
394 3952 464 4006 stata
495 3951 573 4006 modo
603 3983 633 3990 -
663 3953 742 4006 modo
795 3950 869 4015 acm,
888 3935 1016 3989 derselbe
1036 3932 1167 3989 Weehsel
1185 3936 1235 3990 der
1253 3936 1356 4007 Prapo-

181 4040 234 4077 nur
252 4021 314 4076 hier
332 4022 390 4076 und
409 4027 433 4090 6,
454 4027 497 4078 32.
797 4004 882 4058 ⁸1l50¹1
909 4005 962 4088 wi?
988 4010 1015 4069 12
1040 4009 1087 4088 3⁸.
1102 4009 1134 4058 ul
1156 4008 1299 4062 maasiae
1324 4010 1357 4062 in

218 4097 261 4147 17.
288 4109 349 4147 acm
379 4093 432 4146 ma
464 4093 528 4147 uem
556 4089 742 4146 maurianen
797 4076 920 4143 culpam,
943 4081 985 4130 cta
1000 4092 1087 4145 prame
1105 4075 1143 4130 ad
1156 4079 1359 4146 aenaeam

181 4161 318 4230 Infinitiv,
338 4181 358 4216 s.
378 4161 450 4216 Einl.
469 4169 492 4228 §-
513 4168 555 4218 92.
795 4161 897 4200 mmm·

219 4236 261 4287 18.
290 4247 383 4286 casum
410 4235 517 4300 aperire
542 4231 620 4286 ‘eine
647 4231 742 4287 Blblse
833 4239 874 4287 12.
902 4235 975 4289 velut
1001 4252 1019 4288 u
1047 4239 1121 4306 tergo
1145 4252 1233 4307 rocca,
1267 4238 1359 4293 sodale

182 4301 296 4371 geben'.
329 4301 370 4355 cf.
385 4300 443 4355 Liv.
460 4308 485 4368 9,
500 4308 535 4357 2⁷
553 4304 580 4357 ei
594 4304 642 4372 qai
655 4309 743 4358 motus
796 4319 861 4357 man
892 4303 953 4358 also
985 4303 1139 4374 fdrohtete,
1176 4324 1206 4362 es
1239 4309 1358 4363 sttnden

181 4373 348 4428 occasionem
366 4372 491 4440 aperiret.
797 4374 902 4428 Feinde
921 4374 960 4428 im
978 4373 1102 4431 Rficken.
