3092 4834
555 264 665 318 LIBER
682 265 731 323 111.
767 264 845 319 CAP.
864 268 978 319 31—33.
1286 263 1349 326 179

176 431 211 492 et
239 426 387 509 inpervia
410 427 619 509 clamitando,
641 426 878 492 exsecutionem
907 426 975 489 eius
1001 426 1127 510 negotii
1149 427 1255 492 libens
1279 448 1349 492 sus·
1368 442 1403 491 20

177 515 276 599 cepit3
296 516 381 599 quod
401 516 487 580 haud
504 516 636 600 perinde
654 516 784 601 publice
802 515 875 579 usui
893 513 1040 578 habitum
1060 536 1157 599 quam
1177 516 1349 580 exitiosum

177 604 303 686 multis,
332 626 467 688 quorum
495 606 530 669 in
557 604 726 689 pecuniam
754 604 851 688 atque'
878 602 1000 667 famam
1028 602 1288 668 damnationibus
1316 609 1350 669 et

175 692 271 756 hasta
294 693 467 758 saeviebat.

263 779 375 865 Neque
408 782 512 847 multo
545 786 621 866 post
653 781 762 846 missis
796 780 836 845 ad
870 784 1019 845 senatum
1049 779 1167 843 litteris
1197 777 1402 845 Tiberius32

176 873 300 933 motam
323 891 450 934 rursum
471 868 616 934 Africam
639 871 770 935 incursu
789 868 1007 935 Tacfarinatis
1027 868 1145 951 docuit,
1167 867 1349 952 iudicioque

175 960 304 1039 patrum
324 957 531 1040 deligandum
550 981 610 1041 pro
634 959 766 1023 consule
790 978 927 1043 guarum
951 957 1096 1036 militiae,
1119 977 1254 1039 corpore
1273 957 1349 1021 vali·

173 1046 250 1109 dum
280 1050 312 1110 et
340 1047 426 1110 ballo
455 1047 672 1111 suffecturum.
718 1048 804 1131 quod
832 1047 962 1111 initium
986 1044 1058 1110 Sex.
1082 1044 1256 1128 Pompeius
1280 1045 1348 1128 agi-

173 1133 265 1197 tandi
294 1134 445 1199 adversus
473 1134 619 1199 Marcum
647 1134 803 1218 Lepidum
834 1134 900 1200 odii
926 1138 1079 1217 nanctus,
1107 1136 1144 1198 ut
1172 1134 1349 1212 socordem,
1386 1152 1401 1198 s

174 1221 304 1307 inopem
328 1227 361 1287 et
383 1224 562 1288 maioribus
585 1224 651 1287 suis
676 1223 992 1307 dedecorumeoque
1017 1223 1116 1287 etiam
1137 1222 1237 1287 Asiae
1262 1226 1349 1286 sorte

173 1311 399 1393 depellendum
430 1312 604 1395 incusavit,
634 1311 771 1377 adverso
805 1314 935 1395 senatu,
963 1310 1018 1396 qui
1045 1309 1205 1395 Lepidum
1237 1312 1349 1375 mitem

175 1399 281 1484 magis
310 1421 406 1483 quam
435 1402 606 1483 ignavum,
633 1404 786 1484 paternas
818 1400 847 1464 ei
880 1399 1050 1483 angustias
1082 1407 1115 1463 et
1141 1399 1349 1464 nobilitatem

176 1487 245 1551 sine
263 1489 383 1571 probro
403 1492 510 1553 aetam
528 1489 645 1554 honori
664 1511 761 1572 quam
780 1489 982 1573 ignominiae
1000 1487 1183 1552 habendam
1203 1488 1349 1553 ducebat
1422 1513 1425 1518 ’

174 1576 275 1660 igitur
307 1579 424 1641 missus
456 1579 491 1641 in
520 1578 648 1662 Asiam,
681 1586 713 1642 et
746 1578 785 1641 de
812 1576 925 1642 Africa
957 1576 1135 1660 decretum,
1162 1580 1200 1641 ut
1230 1574 1349 1642 Caesar
1369 1593 1402 1641 10

177 1664 300 1748 legeret
323 1666 375 1730 cui
398 1666 580 1730 mandanda
602 1666 697 1731 foret.

263 1751 353 1817 Inter
372 1776 454 1838 quae
472 1753 608 1820 Severus
623 1752 763 1820 Caecina
782 1753 917 1837 censuit,
935 1774 976 1817 ne
994 1775 1089 1837 quem
1110 1753 1348 1837 magistratum,
1359 1755 1402 1819 33

174 1840 227 1905 cui
245 1843 412 1924 provincia
433 1844 628 1926 obvenisset,
650 1865 732 1909 uxor
755 1843 975 1926 comitaretur,
999 1842 1136 1907 multum
1161 1845 1236 1905 ante
1259 1863 1349 1926 repe

174 1929 236 1992 tito
270 1929 460 1995 concordem
493 1931 556 1995 sibi
588 1932 757 2015 coniugem
791 1936 823 1996 et
852 1953 908 1996 sex
937 1936 1050 2015 partus
1080 1931 1222 2010 enixam,
1251 1952 1347 2015 seque

175 2038 257 2100 quae
289 2017 323 2080 in
355 2019 520 2101 publicum
548 2023 718 2104 statueret,
751 2019 840 2084 domi
867 2020 1061 2103 servavisse,
1088 2019 1233 2084 cohibita
1261 2020 1348 2084 intra

174 2103 322 2188 Italiam,
353 2127 549 2189 quamquam
586 2108 656 2192 ipse
691 2108 795 2191 pluris
829 2128 886 2190 per
916 2107 1099 2192 provincias
1133 2109 1348 2193 quadraginta
1385 2126 1401 2173 a

173 2193 334 2276 stipendia
369 2195 570 2277 explevisset.
619 2195 705 2260 haud
736 2196 823 2260 enim
850 2195 972 2259 frustra
1000 2197 1155 2279 placitum
1183 2197 1277 2279 olim,
1308 2218 1348 2261 nc

174 2281 313 2347 feminae
350 2282 384 2347 in
422 2282 526 2347 socios
564 2288 620 2347 aut
657 2288 770 2368 gentes
806 2286 955 2347 externas
987 2284 1204 2348 traherentur:
1241 2286 1347 2350 inesse

173 2370 344 2436 mulierum
363 2373 530 2436 comitatui
551 2394 633 2456 quae
651 2393 764 2456 pacem
783 2372 871 2456 luxu,
892 2373 1012 2436 bellum
1031 2372 1201 2436 formidine
1222 2394 1351 2438 moren-

172 2463 227 2523 tur
258 2464 291 2525 et
317 2461 502 2526 Romanum
535 2482 663 2546 agmen·
685 2462 725 2526 ad
756 2460 1002 2536 similitudinem
1035 2461 1168 2525 barbari
1202 2460 1347 2525 incessus

171 2652 351 2720 pistrutaum,
379 2652 429 2705 der
451 2658 591 2708 curatores
614 2654 732 2722 uturum,
787 2652 880 2706 schalt
902 2668 958 2707 van
981 2650 1051 2705 Asia
1072 2651 1131 2705 und
1156 2651 1264 2706 Afrika.
1305 2654 1349 2707 Da

175 2722 221 2775 die
239 2720 382 2792 Augustus
402 2723 559 2792 eingesatzt
576 2724 664 2778 hatte.
787 2721 906 2778 diesmal
938 2724 988 2775 auf
1015 2721 1116 2776 Befehl
1153 2722 1202 2777 des
1237 2722 1348 2778 Kaisers

210 2797 252 2844 20.
269 2794 411 2860 inpervius
424 2796 478 2848 mit
491 2793 743 2858 1111111111111111111.Ι
787 2791 833 2847 ein
847 2793 1003 2849 Prokonsul
1017 2793 1062 2847 fur
1075 2792 1176 2847 Afrilra
1190 2810 1223 2847 zu
1238 2793 1348 2848 vahlen

174 2867 217 2929 11,
234 2868 333 2930 11,11;
353 2880 416 2917 ann.
434 2869 476 2931 15,
486 2871 521 2919 43
536 2866 609 2934 lupis
622 2866 734 2934 ionibus
786 2881 853 2931 war,
871 2882 901 2919 so
915 2865 1048 2917 varstand
1063 2880 1092 2918 es
1107 2863 1168 2918 sich
1181 2882 1236 2920 von
1251 2864 1348 2934 solbat,

173 2934 316 3001 inpervias
331 2933 506 2990 ‘feuerfester
521 2935 621 2990 Stein'.
637 2966 671 2976 -
687 2953 732 2990 ex·
787 2934 849 2989 dass
858 2934 978 3004 Lepidus
987 2950 1084 3004 wagan
1098 2935 1190 2990 seiner
1199 2935 1347 2989 auciensi-

171 3006 342 3060 secutionem.
380 3006 417 3059 Er
439 3006 509 3061 vird
528 3007 558 3060 in
577 3006 626 3061 der
644 3006 732 3061 Socha
786 3007 832 3059 tat
854 3008 922 3061 Asia
945 3006 1055 3060 belvam.
1079 3038 1113 3046 -
1131 3023 1191 3062 aurs
1214 3008 1264 3061 hat
1287 3005 1347 3062 aluo

173 3092 236 3128 aum
249 3076 593 3146 Regiorungskcmmissar
606 3080 732 3132 ernannt.
788 3074 833 3131 die
848 3076 1015 3144 Bedeutung
1035 3076 1122 3144 ‘Amt
1141 3076 1349 3148 Verwaltung’,

208 3152 251 3200 23.
266 3148 354 3201 hasta.
374 3148 424 3202 Bei
435 3149 489 3201 den
500 3149 733 3214 Unternehmern,
787 3146 839 3201 vvis
859 3150 946 3202 sehon
964 3148 1011 3202 bei
1025 3146 1081 3202 Cic.
1101 3167 1127 3218 p.
1144 3149 1239 3203 Plauc.
1255 3154 1298 3214 2⁷,
1313 3155 1346 3203 61

173 3217 218 3270 die
231 3217 312 3271 nicht
324 3218 423 3273 zahlen
438 3220 571 3288 konntcn,
590 3223 650 3273 trat
663 3220 732 3273 Exe-
786 3234 929 3288 aaaqaum
951 3236 985 3273 ea
1007 3220 1075 3273 urbe
1096 3221 1171 3286 afuit
1193 3221 1251 3275 atsi
1268 3226 1347 3287 sorta

172 3286 273 3344 lintion
283 3288 336 3342 ein.
350 3290 656 3361 KaisarClaudiusgab
667 3291 733 3343 aber
786 3290 854 3359 leur,
871 3291 1035 3345 necessitate.

173 3356 228 3411 den
246 3358 405 3414 Bestraften
428 3377 478 3414 aus
495 3363 560 3415 dem
578 3360 651 3414 Arar
674 3361 732 3415 und
823 3366 847 3415 8.
867 3362 1012 3431 uapuctius
1031 3377 1068 3415 sc.
1087 3362 1185 3416 tortori
1199 3361 1346 3415 habeadus.

172 3445 222 3481 aus
250 3429 314 3482 dem
342 3430 500 3500 Vermogen
528 3432 577 3485 des
601 3431 731 3499 Corbulo,
822 3434 846 3484 9.
865 3419 941 3485 liber
965 3432 1015 3485 das
1038 3448 1089 3486 vor
1111 3448 1193 3501 quum
1216 3429 1347 3485 fehlende

172 3499 223 3552 der
239 3499 313 3553 vvohl
332 3518 366 3553 zu
384 3504 480 3569 saeng
497 3502 645 3556 verfuhrcn
664 3518 731 3570 vvar,
781 3504 878 3569 patius
897 3519 918 3555 s.
938 3500 1011 3557 Einl.
1031 3506 1055 3567 5.
1075 3508 1117 3572 97,
1137 3502 1163 3556 b.

173 3570 218 3623 die
238 3569 412 3640 Strufgelder
429 3574 540 3627 zurflclr.
821 3570 870 3628 31.
891 3579 914 3627 1.
935 3573 1067 3639 Oueciau,
1087 3589 1108 3627 s.
1127 3591 1160 3626 zu
1179 3578 1204 3638 1,
1223 3577 1266 3626 31.

208 3640 257 3695 32.
276 3647 302 3695 2.
329 3642 524 3709 Tacfarinatis.
560 3642 599 3696 Er
617 3661 675 3697 war
692 3643 731 3697 im
821 3647 847 3696 2.
869 3645 990 3714 repetitu.
1027 3644 1124 3699 Dieser
1143 3643 1270 3699 absolute
1289 3642 1346 3698 Ah·

172 3709 289 3780 varigen
320 3711 406 3767 Jahre
443 3729 499 3767 von
531 3715 595 3768 dem
624 3714 732 3783 jungeri
786 3712 859 3767 lativ
877 3714 915 3768 ist
932 3714 1007 3768 wohl
1026 3709 1074 3768 ἅπ.
1094 3715 1144 3781 stu.

171 3783 311 3851 Apronius
338 3782 510 3854 geschlagen
540 3787 596 3839 und
627 3784 658 3839 iu
686 3785 731 3839 die
823 3790 847 3839 3.
866 3791 976 3855 partae,
1005 3785 1179 3840 abstractum
1205 3803 1257 3855 pro
1281 3802 1347 3840 con-

171 3852 272 3909 Wi‘iste
292 3857 478 3910 entkommcn.
787 3858 872 3924 creto,
887 3857 939 3910 vvie
954 3858 1040 3911 sehon
1055 3857 1111 3912 Cic.
1126 3857 1206 3911 Tusa.
1223 3863 1247 3924 5,
1258 3862 1302 3925 27,
1314 3862 1347 3911 79

207 3931 232 3979 4.
252 3912 730 3996 llberSra.Pompeiaas.zucp.11.
780 3943 835 3995 pro
853 3943 903 3982 auo
918 3934 1005 3996 parta
1022 3932 1208 3997 propapuuat.

207 4002 232 4050 t.
253 3998 371 4053 Murcus
388 3998 520 4067 Lepidus,
539 4017 559 4051 s.
579 4003 711 4064 111148.
821 4000 992 4067 1001111111,
1012 4016 1033 4053 s.
1052 4015 1087 4051 au
1101 4005 1126 4064 t,
1147 4004 1188 4064 10,
1208 4004 1233 4052 5.

207 4073 232 4121 6.
251 4069 397 4124 dedecoras
415 4068 476 4123 hier
494 4071 550 4123 und
572 4075 614 4135 12,
633 4074 676 4125 41.
697 4100 729 4108 —
822 4075 847 4123 θ.
864 4070 973 4135 frastra
992 4069 1076 4124 ‘ohne
1092 4067 1210 4150 Grund',
1225 4086 1246 4123 s.
1264 4079 1287 4138 1,
1303 4076 1346 4126 33.

171 4144 249 4193 sorte.
295 4138 359 4194 Von
386 4140 440 4193 den
467 4140 656 4209 Konsularen,
684 4139 731 4194 die
823 4139 1347 4195 7.iuussemitDat.schonerumalbei

171 4210 245 4263 noch
263 4209 341 4264 nicht
359 4209 422 4265 eino
437 4211 652 4280 Senatsprovinz
670 4228 730 4265 ver·
786 4210 842 4264 Cic.
862 4212 897 4265 de
916 4210 961 4266 off.
980 4217 1004 4279 1,
1019 4214 1062 4276 42,
1079 4216 1128 4264 161
1143 4212 1242 4281 quibua
1256 4218 1347 4267 autem

171 4280 271 4338 waltet
287 4281 399 4347 hatten,
423 4283 516 4336 losten
531 4280 655 4351 jahrlich
674 4281 731 4336 die·
786 4282 893 4335 artibus
919 4287 970 4335 aut
988 4282 1142 4350 prudentia
1165 4282 1254 4335 mutor
1276 4283 1347 4336 iuuat

169 4348 285 4419 jenigen
295 4353 371 4420 uwel,
387 4352 493 4406 vvelahe
503 4354 596 4407 auerst
604 4351 731 4407 Konsuln
786 4357 836 4405 aut
848 4367 906 4405 uua
918 4352 1061 4406 mediocris
1074 4353 1183 4406 utilitas
1194 4354 1344 4420 quaeritur.

171 4436 301 4488 gewcsen
316 4439 418 4493 waren,
432 4440 480 4477 um
495 4424 540 4478 die
551 4421 731 4477 Statthalter·
823 4427 848 4475 9.
866 4422 986 4476 incessus
1003 4419 1064 4474 hier
1089 4422 1180 4489 ‘Zug,
1204 4420 1344 4486 Aufzug’3
