3092 4834
556 267 665 320 LIBER
682 267 715 321 Π.
753 266 830 322 CAP.
851 272 964 321 71-74.
1287 267 1351 332 143

169 435 237 514 tur,
265 431 391 517 ingenti
418 430 506 496 luctu
538 431 722 514 provinciae
755 435 788 494 et
819 432 1115 496 circumiacentium
1147 432 1350 515 populorum.

170 517 337 585 indoluere
356 524 483 585 exterae
501 522 648 585 nationes
667 542 836 605 regesque:
855 524 945 584 tanta
963 519 1012 583 illi
1031 521 1166 585 comitas
1185 521 1219 584 in
1236 521 1351 606 socios,

170 608 383 674 mansuetudo
407 610 439 673 in
464 609 581 694 hostis,
605 609 739 693 visuque
762 613 795 673 et
813 610 926 674 auditu
944 610 1034 673 iuxta
1053 609 1253 694 venerabilis,
1277 631 1349 674 cum

170 698 426 784 magnitudinem
454 703 486 763 et
514 699 704 783 gravitatem
734 721 877 763 summae
904 699 1053 763 fortunae
1076 699 1242 783 retineret,
1269 699 1350 762 iuvi-

170 789 257 852 diam
282 791 314 852 et
337 787 559 874 adrogantiam
583 787 746 874 effugerat.
1364 814 1391 854 ro

259 876 370 942 Funus
394 878 463 941 sine
486 876 683 962 imaginibus
707 882 739 942 et
761 899 882 961 pompa
899 900 958 962 per
975 877 1087 942 laudes
1106 898 1144 942 ec
1162 878 1349 941 memoriam
1362 876 1403 941 73

172 967 330 1031 virtutum
363 966 431 1031 eius
464 967 587 1031 celebre
618 966 692 1031 fuit.
738 971 770 1031 et
802 971 892 1031 erant
925 967 981 1051 qui
1018 965 1168 1050 formam,
1204 971 1351 1050 aetatem,

172 1078 274 1143 genus
306 1056 434 1138 mortis,
467 1056 509 1120 ob
541 1056 817 1140 propinquitatem
849 1058 947 1121 etiam
979 1058 1137 1138 locorum,
1169 1055 1202 1121 in
1234 1056 1350 1139 quibus

172 1145 309 1229 interiit,
341 1146 451 1232 magni
483 1143 660 1209 Alexandri
691 1144 769 1209 fatis
802 1146 1025 1229 adaequarent.
1071 1167 1145 1208 nam
1178 1149 1351 1229 utrumque

170 1256 306 1319 corpore
334 1235 462 1320 decoro,
491 1235 621 1320 [genere
643 1234 792 1321 insigni,]
820 1235 906 1299 haud
930 1234 1068 1298 multum
1091 1235 1227 1320 triginta
1249 1257 1351 1300 annos
1379 1258 1391 1299 s

172 1346 350 1410 egressum,
379 1346 511 1389 suorum
535 1324 660 1389 insidiis
684 1328 831 1389 externas
855 1325 938 1389 inter
965 1328 1077 1411 gentes
1101 1324 1268 1408 occidisse3
1296 1324 1351 1389 sed

170 1414 257 1479 hunc
290 1414 401 1477 mitem
434 1435 510 1499 erga
542 1413 678 1497 amicos,
710 1413 872 1478 modicum
906 1413 1122 1497 voluptatum,
1155 1434 1219 1479 uno
1242 1413 1351 1477 matri·

171 1503 294 1586 monio,
324 1503 418 1567 certis
445 1502 556 1567 liberis
585 1503 702 1589 egisse,
729 1525 834 1587 neque
857 1503 964 1567 minus
987 1502 1228 1587 proeliatorem,
1253 1503 1350 1566 etiam

172 1593 200 1656 si
228 1592 391 1657 temeritas
420 1592 537 1656 afuerit
563 1592 833 1677 praepeditusque
860 1593 903 1657 sit
930 1593 1093 1676 perculsas
1121 1596 1172 1656 tot
1202 1592 1349 1657 victoriis

172 1679 358 1747 Germanias
386 1682 516 1746 servitio
545 1703 698 1765 premere.
750 1683 836 1766 quod
866 1682 894 1746 si
917 1681 1005 1746 solus
1029 1681 1149 1745 arbiter
1172 1703 1293 1764 rerum,
1322 1682 1350 1745 si
1365 1705 1391 1745 10

171 1773 240 1835 iure
273 1775 305 1834 et
336 1771 466 1835 nomine
497 1772 587 1857 regio
618 1772 745 1853 fuisset,
783 1775 875 1836 tanto
908 1771 1091 1855 promptius
1124 1770 1349 1835 adsecuturum

172 1860 308 1947 gloriam
332 1859 477 1942 militiae,
500 1864 656 1944 quantum
676 1859 854 1943 clementia,
878 1860 1098 1944 temperantia,
1122 1859 1236 1924 ceteris
1256 1859 1350 1924 bonis

172 1949 294 2014 artibus
331 1950 553 2033 praestitisset.
608 1972 725 2035 corpus
763 1955 935 2034 antequam
968 1954 1162 2014 cremaretur
1192 1949 1348 2015 nudatum

172 2041 206 2102 in
229 2039 299 2102 foro
323 2038 600 2121 Antiochensium,
624 2039 679 2123 qui
698 2038 789 2104 locus
809 2038 992 2122 sepulturae
1010 2038 1239 2125 destinabatur,
1261 2061 1351 2122 prae-

172 2128 323 2193 tuleritne
345 2128 492 2193 veneficii
515 2128 620 2214 signa,
643 2151 758 2212 parum
782 2129 942 2213 constitit,
968 2150 1045 2192 nam
1072 2131 1109 2192 ut
1132 2128 1205 2213 quis
1228 2128 1350 2193 miseri·
1365 2150 1391 2192 rs

172 2217 281 2283 cordia
303 2217 337 2281 in
361 2215 587 2282 Germanicum
611 2222 643 2280 et
666 2222 873 2302 praesumpta
895 2218 1077 2301 suspicione
1100 2221 1156 2281 aut
1183 2218 1293 2283 favore
1316 2217 1350 2282 in

171 2307 323 2371 Pisonem
345 2307 487 2391 pronior,
510 2306 626 2371 diversi
650 2307 952 2389 interpretabantur.

262 2394 487 2461 Consultatum
525 2394 599 2460 inde
636 2396 720 2459 inter
755 2396 879 2480 legatos
917 2396 1037 2478 quique
1075 2395 1130 2458 alii
1165 2400 1350 2460 senatorum
1362 2394 1404 2457 74

173 2486 314 2567 aderant,
338 2486 487 2568 quisnam
512 2484 623 2549 Suriae
646 2486 881 2569 praeficeretur.
923 2489 955 2547 et
979 2485 1092 2548 ceteris
1115 2484 1239 2549 modice
1262 2484 1351 2562 nicia,

119 2603 124 2614 ·
173 2576 258 2639 inter
290 2574 424 2638 Vibium
455 2574 599 2638 Marsum
631 2578 664 2638 et
696 2572 751 2639 Cn.
786 2574 932 2639 Sentium
966 2573 1020 2637 diu
1050 2575 1244 2657 quaesitum,
1277 2573 1350 2636 dein

173 2663 300 2728 Marsus
329 2665 449 2728 seniori
476 2667 509 2728 et
536 2664 640 2728 acrius
668 2664 813 2728 tendenti
838 2662 948 2727 Sentio
977 2662 1142 2727 concessit.
1189 2664 1280 2746 isque
1305 2663 1351 2726 in-

175 2753 294 2817 famem
317 2753 479 2817 venefieiis
504 2751 540 2817 eb
558 2753 592 2819 in
611 2754 778 2836 provincia
796 2757 829 2817 et
847 2752 1019 2818 Plancinae
1038 2772 1202 2835 percaram
1221 2751 1351 2817 nomine
1379 2778 1392 2816 a

173 2841 346 2907 Martinam
375 2842 409 2906 in
436 2841 550 2906 urbem
577 2842 680 2925 misit,
706 2842 947 2927 postulantibus
974 2840 1109 2905 Vitellio
1142 2862 1179 2905 ac
1211 2839 1351 2905 Veranio

174 2934 352 3015 ceterisque
380 2932 435 3015 qui
465 2931 599 2995 crimina
627 2935 659 2995 et
682 2933 919 2997 accusationem
943 2935 1107 3015 tamquam
1131 2930 1281 2994 adversus
1304 2952 1352 2995 re-

175 3024 284 3105 ceptos
308 3022 372 3085 iam
395 3043 467 3084 reos
490 3020 701 3085 instruebant.

210 3166 233 3213 7.
262 3161 423 3216 indolescere
454 3161 492 3214 ist
525 3161 628 3226 selten,
661 3160 734 3213 doch
826 3166 868 3212 16.
888 3162 919 3213 m
939 3161 1133 3215 Germanicum
1156 3164 1203 3228 (sc.
1223 3162 1349 3229 promor)

175 3231 262 3285 sehon
281 3232 326 3285 bei
346 3231 441 3286 Cicero
461 3232 532 3285 Phil.
552 3238 577 3299 2,
597 3238 641 3299 25,
660 3238 702 3285 51.
790 3235 921 3286 erwartet
938 3250 1005 3285 man
1024 3232 1118 3285 hinter
1135 3233 1298 3301 campionem.

212 3308 236 3357 9.
254 3304 378 3371 fatena,
398 3323 418 3357 s.
439 3320 461 3357 c.
483 3309 586 3370 71,16.
827 3302 874 3359 74.
895 3310 918 3356 3.
945 3305 1042 3358 Vibius
1059 3303 1130 3355 wird
1148 3304 1188 3355 im
1211 3303 1295 3355 Jahre
1316 3308 1348 3355 37

213 3374 261 3428 73.
290 3380 314 3428 5.
347 3377 471 3447 triginta.
523 3375 609 3428 Beide
641 3392 735 3428 waren
789 3376 818 3427 in
847 3375 909 3428 eine
937 3374 1066 3443 Anklage
1099 3374 1151 3427 auf
1178 3373 1352 3427 Hochverrat

176 3450 210 3498 33
229 3446 313 3499 Jahre
333 3447 381 3500 alt.
789 3445 964 3513 verwickelt,
994 3446 1061 3499 aber
1088 3447 1177 3499 durch
1206 3446 1261 3497 den
1289 3444 1349 3498 Tod

213 3523 237 3571 6.
269 3535 381 3572 acorum
413 3518 532 3572 insidiis.
578 3517 658 3570 Auch
690 3517 734 3570 Al.
790 3519 839 3570 des
868 3517 997 3570 liberius
1025 3520 1155 3586 gerettet.
1183 3548 1216 3556 —
1241 3516 1351 3570 Scottus

178 3587 259 3642 sollte
278 3589 411 3659 vergiftet
428 3589 542 3642 worden
562 3590 627 3643 sein.
790 3606 847 3642 war
865 3597 882 3643 4
901 3606 928 3642 n.
949 3587 1010 3642 Chr.
1030 3588 1137 3642 Konsul
1160 3605 1296 3657 genesen.
1317 3620 1350 3627 —

215 3661 367 3718 ignauiam
381 3662 433 3714 mit
448 3662 512 3713 dem
523 3659 648 3726 Genetiv,
663 3659 736 3714 diter
790 3662 943 3728 quaesitam
966 3686 999 3704 =
1024 3667 1167 3727 certatam,
1200 3659 1254 3729 vgl.
1284 3659 1350 3713 hist.

177 3732 207 3783 in
226 3732 281 3785 den
300 3733 437 3799 Annaleu,
458 3733 497 3785 ist
514 3731 735 3799 nachklassisch,
791 3738 815 3798 1,
832 3737 864 3784 38
884 3731 917 3785 de
931 3732 1096 3801 princepum
1115 3733 1275 3800 quaesitam.

176 3802 231 3872 vgl.
255 3803 327 3857 Veli.
353 3812 377 3872 1,
403 3810 444 3870 12,
468 3810 492 3856 4.
532 3803 567 3856 So
591 3804 664 3856 auch
686 3805 736 3857 im·
829 3809 852 3857 5.
871 3805 981 3858 nomem
1000 3805 1170 3869 Martinam,
1195 3802 1266 3856 ohne
1292 3805 1352 3855 ent-

176 3875 299 3930 eaodem
308 3877 397 3930 animi
405 3875 471 3928 hist.
481 3881 506 3942 1,
517 3881 559 3940 53,
570 3892 632 3928 ann.
641 3881 683 3942 15,
694 3879 736 3929 23.
793 3875 978 3943 sprechendes
997 3875 1169 3942 Appellativ,
1183 3874 1236 3926 wie
1256 3879 1298 3939 13,
1318 3880 1351 3926 15

214 3949 344 4014 aceras,
365 3948 438 4001 dh.
459 3946 593 3999 eheliche.
614 3979 645 3985 -
659 3963 736 4014 proe-
793 3948 925 4001 damoeta
952 3948 1075 4013 veneficii
1096 3947 1205 4001 mome'm
1228 3947 1354 4000 Memmio

178 4018 270 4084 lictor,
285 4018 356 4071 auch
372 4018 438 4073 dial.
449 4023 492 4084 37,
507 4019 596 4072 findet
610 4018 670 4071 sich
684 4036 738 4070 nur
791 4036 818 4071 u.
845 4023 869 4072 3.
913 4018 997 4071 Sonat
1025 4020 1081 4070 erst
1109 4018 1148 4070 im
1177 4016 1351 4085 Spbtlatein:

178 4088 208 4141 in
226 4089 384 4145 nachklass.
403 4089 497 4144 Prosa.
793 4089 866 4143 Vict.
895 4088 973 4143 Caes.
999 4094 1040 4154 17,
1061 4094 1085 4141 5.
1110 4094 1152 4155 39,
1177 4095 1218 4142 14.
1260 4089 1351 4142 Amm.

215 4166 256 4214 11.
276 4161 480 4226 adsecuturum,
506 4160 565 4214 scil.
583 4161 681 4228 faisse,
705 4179 739 4213 au
794 4167 872 4228 aue,
885 4166 925 4214 10.
954 4160 1009 4215 Jul.
1024 4160 1086 4213 Vel.
1097 4178 1125 4229 p.
1136 4165 1179 4227 84,
1190 4166 1224 4213 24
1238 4160 1351 4213 Kfibler.

179 4248 200 4286 c.
229 4237 270 4285 31.
299 4264 334 4273 —
362 4240 508 4303 quantana,
538 4232 601 4284 dem
628 4232 739 4287 vorant·
830 4239 853 4285 6.
883 4233 998 4287 Vitellio.
1041 4232 1077 4284 Es
1104 4232 1142 4284 ist
1161 4230 1190 4284 P.
1210 4230 1352 4297 Vitellius,

179 4303 325 4372 gehenden
344 4312 421 4360 tuoto
446 4303 663 4371 entsprechend,
685 4304 738 4357 wie
794 4322 815 4358 s.
834 4321 869 4356 zu
889 4310 912 4367 1,
933 4307 974 4355 70.
991 4334 1024 4341 -
1045 4304 1171 4369 Veromo,
1187 4321 1207 4356 s.
1222 4320 1257 4355 zu
1276 4307 1351 4355 556.

179 4374 244 4428 hist.
265 4381 290 4442 2,
306 4381 339 4429 99
375 4382 493 4432 meatum
515 4375 590 4429 beben
610 4382 739 4430 —tauto
831 4380 854 4428 7.
883 4382 1022 4443 tamquam
1050 4377 1102 4428 cet.
1137 4372 1272 4443 Obgleich
1307 4374 1352 4426 die

174 4450 343 4517 promptior,
358 4394 421 4502 lais.
442 4450 524 4514 5,10,
545 4451 568 4499 5.
681 4457 684 4462 ’
795 4446 884 4516 Klage
903 4444 974 4498 noch
997 4445 1078 4499 nicht
1102 4444 1265 4514 eingeleitet
1288 4461 1353 4509 war,
