3092 4834
545 256 656 311 LIBER
672 256 720 312 ΙΙΙ.
757 257 834 312 cAP.
854 264 966 313 15-17.
1272 258 1334 321 167

169 420 238 482 sinc
270 418 488 501 miseratione,
517 419 586 484 sine
618 420 680 502 ira,
708 421 908 485 obstinatum
936 421 1141 506 clausumque
1169 422 1265 506 vidit,
1293 444 1333 488 ne

170 528 233 591 quo
259 506 385 571 adfectu
407 511 676 591 perrumperetur.
723 509 845 573 relatus
870 509 1015 595 domum,
1037 513 1203 594 tamquam
1226 511 1332 577 defen·

168 598 292 661 sionem
314 596 533 679 inposterum
556 596 774 681 meditaretur,
792 618 896 681 pauca
919 597 1094 663 conscribit
1117 598 1332 684 obsignatque

167 688 200 749 et
223 684 339 748 liberto
361 683 475 768 tradit3
498 689 568 749 tum
591 686 688 750 solita
710 686 851 750 curando
876 686 1003 769 corpori
1024 687 1217 770 exsequitur.
1258 686 1332 752 dein

168 774 302 838 multam
335 775 410 856 post
440 778 582 857 noctem,
610 793 741 857 egressa
772 774 919 839 cubiculo
952 772 1063 858 uxore,
1096 776 1216 857 operiri
1247 775 1384 841 fores1s

166 863 273 942 iussit3
306 865 338 925 et
369 866 483 944 coepta
514 863 583 926 luce
613 862 759 945 perfosso
787 863 913 948 iugulo,
940 863 1064 927 iacente
1094 863 1185 927 humi
1214 863 1332 947 gladio,

165 954 312 1034 repertus
336 952 395 1014 est.

254 1038 376 1103 Audire
410 1060 461 1102 me
493 1039 625 1103 memini
661 1060 700 1103 ex
731 1039 922 1104 senioribus.
945 1040 1051 1104 visum
1084 1041 1211 1124 saepius
1247 1039 1332 1105 inter
1344 1042 1384 1104 16

165 1149 280 1192 manus
299 1126 428 1191 Pisonis
450 1127 605 1209 libellum,
623 1149 719 1211 quem
740 1128 810 1210 ipse
832 1149 898 1193 non
917 1129 1112 1213 vulgaverit3
1137 1129 1192 1193 sed
1212 1129 1332 1194 amicos

166 1217 234 1281 eius
262 1215 476 1295 dictitavisse,
502 1215 628 1279 litteras
651 1215 773 1280 Tiberii
806 1220 839 1280 et
865 1216 1018 1282 mandata
1044 1219 1077 1282 in
1101 1217 1333 1283 Germanicum

165 1304 337 1387 contineri,
365 1327 402 1369 ac
433 1304 629 1368 destinatum
657 1326 804 1389 promere
838 1306 922 1390 apud
954 1310 1062 1389 patres
1089 1307 1332 1391 principemque

165 1414 309 1479 arguere,
326 1395 361 1457 ni
380 1394 487 1458 elusus
507 1416 526 1457 a
545 1391 662 1459 Seiano
682 1415 740 1477 per
758 1415 842 1458 vana
860 1397 1021 1478 promissa
1038 1394 1136 1479 foret3
1159 1416 1217 1459 nec
1238 1394 1331 1459 illum
1368 1410 1384 1457 o

167 1486 281 1566 sponte
301 1481 487 1563 extinctum,
504 1503 615 1546 verum
637 1482 772 1548 inmisso
792 1504 989 1566 percussore.
1027 1506 1161 1568 quorum
1181 1487 1332 1549 neutrum

165 1571 433 1654 adseveraverim3
460 1592 563 1654 neque
590 1575 698 1635 tamen
727 1572 872 1636 occulere
895 1571 991 1636 debui
1017 1577 1184 1637 narratum
1213 1573 1253 1637 ab
1282 1573 1332 1656 iis,

164 1660 219 1743 qui
241 1663 385 1724 nostram
410 1659 450 1724 ad
472 1661 636 1723 iuventam
655 1659 859 1725 duraverunt
898 1657 1017 1726 Caesar
1039 1661 1122 1727 flexo
1146 1662 1180 1725 in
1203 1661 1333 1725 maesti·

164 1748 244 1812 tiam
269 1770 323 1813 ore
347 1770 438 1812 suam
457 1747 610 1813 invidiam
631 1748 693 1812 tali
711 1753 816 1813 morte
835 1750 1015 1833 quaesitam
1034 1750 1119 1833 apud
1139 1746 1331 1814 senatum**

164 1836 348 1921 crebrisque
379 1836 689 1922 interrogationibus
722 1837 876 1922 exquirit,
903 1839 1031 1922 qualem
1057 1838 1134 1903 Piso
1163 1838 1247 1903 diem
1280 1859 1329 1902 su·
1353 1854 1386 1902 1o

163 1946 310 2010 promum
337 1928 528 2010 noctemque
556 1926 723 2010 exegisset.
770 1928 867 2009 atque
894 1925 952 1991 illo
979 1928 1129 2010 pleraque
1160 1927 1332 2011 sapienter,

165 2014 322 2098 quaedam
349 2014 566 2078 inconsultius
594 2014 822 2097 respondente,
845 2015 962 2080 recitat
985 2015 1149 2081 codicillos
1174 2039 1192 2080 a
1215 2015 1332 2080 Pisone

165 2102 199 2166 in
226 2102 313 2167 hunc
339 2101 440 2166 ferme
463 2101 595 2166 modum
618 2103 830 2186 compositos:
855 2102 1104 2188 ‘conspiratione
1127 2105 1332 2169 inimicorum

165 2194 198 2255 et
224 2191 347 2255 invidia
374 2190 450 2255 falsi
473 2190 616 2255 oriminis
640 2212 826 2274 oppressus,
849 2197 1006 2274 quatenus
1030 2194 1161 2258 veritati
1184 2198 1217 2257 et
1242 2194 1332 2259 inno·

165 2280 289 2343 centias
308 2300 398 2343 meae
416 2300 575 2362 nusquam
595 2279 685 2344 locus
709 2283 768 2360 est,
787 2278 863 2343 deos
884 2281 1073 2346 inmortales
1092 2286 1195 2346 testor
1213 2283 1331 2347 vixisse
1351 2294 1384 2343 15

164 2389 225 2451 me,
244 2364 372 2450 Caesar,
391 2389 463 2431 cum
482 2368 544 2433 fide
563 2366 732 2431 adversum
751 2371 793 2450 te,
811 2388 915 2451 neque
939 2369 1004 2432 alia
1027 2369 1060 2433 in
1081 2373 1217 2433 matrem
1241 2375 1331 2435 tuam

163 2458 300 2542 pietate3
322 2477 442 2539 vosque
462 2478 528 2539 ore,
546 2456 656 2520 liberis
675 2456 755 2520 meis
774 2456 961 2539 consulatis,
985 2478 1023 2521 ex
1043 2458 1158 2541 quibus
1179 2455 1236 2523 Gn.
1254 2457 1330 2522 Piso

164 2546 388 2630 qualicumque
412 2544 560 2610 fortunae
583 2566 672 2609 meae
695 2566 763 2609 non
786 2548 836 2608 est
854 2544 1033 2629 adiunctus,
1056 2567 1128 2611 cum
1153 2567 1247 2610 omne
1269 2546 1331 2611 hoc

162 2639 289 2718 tempus
321 2635 355 2697 in
385 2635 464 2698 urbe
495 2634 610 2718 egerit,
638 2632 680 2697 M.
708 2631 784 2698 Piso
812 2636 957 2717 repetere
986 2631 1113 2698 Suriam
1141 2634 1329 2699 dehortatus

164 2726 221 2787 est.
263 2728 360 2807 atque
378 2722 504 2787 utinam
524 2743 583 2807 ego
602 2721 710 2806 potius
728 2721 798 2786 filio
819 2721 928 2785 iuveni
952 2744 1048 2806 quam
1073 2723 1129 2787 ille
1151 2721 1238 2807 patri
1261 2722 1330 2787 seni
1348 2737 1383 2786 2ο

164 2811 323 2876 cessisset.
368 2832 406 2876 eo
429 2812 595 2894 inpensius
618 2832 740 2895 precor,
762 2831 804 2875 ne
828 2832 917 2874 meae
942 2811 1115 2895 pravitatis
1138 2833 1260 2895 poenas
1283 2811 1331 2874 in·

164 2900 279 2964 noxius
302 2900 380 2964 luat.
421 2921 477 2984 per
496 2899 636 2984 quinque
660 2903 693 2963 et
714 2899 929 2983 quadraginta
953 2921 1109 2964 annorum
1133 2900 1332 2985 obsequium,

162 3010 220 3073 per
246 2989 417 3074 collegium
446 2989 645 3067 consulatus,
668 2988 829 3072 quondam
854 2987 927 3053 divo
950 2989 1099 3074 Augusto
1123 2989 1250 3072 parenti
1274 2993 1330 3053 tuo

161 3077 318 3161 probatus
352 3080 384 3141 et
415 3078 475 3141 tibi
508 3078 629 3141 amicus
659 3099 717 3143 nec
746 3077 918 3161 quicquam
945 3084 1021 3160 post
1049 3077 1128 3143 haec
1156 3082 1329 3163 rogaturus

162 3166 300 3231 salutem
322 3165 459 3231 infelicis
481 3166 541 3229 filii
563 3164 666 3251 rogo?
712 3165 750 3229 de
772 3164 928 3229 Plancina
951 3165 1033 3230 nihil
1056 3166 1186 3231 addidit.
1349 3181 1383 3229 25

249 3253 329 3319 Post
362 3276 444 3337 quae
477 3254 626 3318 Tiberius
664 3254 902 3319 adulescentem
939 3256 1073 3319 crimine
1112 3254 1215 3320 civilis
1247 3254 1327 3321 belli
1340 3254 1379 3318 17

163 3342 314 3426 purgavit
336 3340 454 3428 (patris
478 3342 596 3427 quippe
623 3344 725 3424 iussa,
747 3363 805 3407 nec
828 3343 972 3426 potuisse
997 3343 1101 3407 filium
1126 3340 1329 3429 detrectare),

164 3430 259 3493 simul
290 3430 494 3495 nobilitatem
528 3430 654 3514 domus,
683 3431 780 3495 etiam
810 3431 912 3514 ipsius
939 3453 1067 3517 quoquo
1098 3433 1193 3497 modo
1223 3434 1329 3497 meriti

167 3538 297 3602 gravem
325 3538 433 3582 casum
461 3519 641 3584 miseratus.
680 3540 740 3603 pro
764 3518 922 3583 Plancina
945 3541 1017 3584 cum
1040 3521 1161 3604 pudore
1185 3524 1217 3584 et
1239 3521 1329 3605 flagi·

163 3708 209 3764 bei
228 3709 282 3763 den
301 3708 402 3763 beiden
421 3708 539 3777 Seneca,
564 3707 718 3775 Quintilian
810 3714 851 3763 19.
875 3711 1013 3766 dehortari
1038 3711 1092 3767 mit
1115 3712 1178 3767 dem
1206 3711 1329 3767 Infinitiv

161 3782 218 3834 und
237 3778 339 3834 Justin.
774 3779 859 3834 schon
882 3782 928 3836 bei
949 3782 1017 3838 Cato
1040 3782 1098 3837 und
1117 3782 1182 3837 Sall.
1207 3783 1270 3851 Jug.
1295 3789 1329 3838 24

198 3851 244 3907 16.
264 3856 288 3905 4.
308 3852 486 3919 destinatam,
505 3849 564 3906 scil.
583 3851 677 3919 fuisse,
696 3867 718 3905 s.
768 3852 856 3920 pluro
879 3853 911 3906 de
934 3849 1074 3924 1119111111
1099 3855 1214 3909 scribere
1236 3856 1329 3910 debor-

160 3928 296 3991 11231.
772 3927 850 3977 tatur
871 3940 912 3978 me
932 3925 1048 3990 fortuna
1075 3941 1141 3980 mec.
1183 3924 1244 3979 Dsn
1267 3924 1329 3980 Infi-

198 3999 222 4048 9.
241 3993 341 4048 Hinter
355 4000 478 4049 senatum
492 3993 530 4047 ist
543 3992 605 4048 eine
614 3991 718 4059 Lucre,
772 3992 845 4048 nitiv
857 3993 930 4048 nach
941 3996 1058 4063 honori,
1071 4011 1185 4065 mouere,
1198 3997 1330 4053 deterrere

160 4065 206 4118 die
231 4063 315 4119 Halm
344 4081 374 4119 so
402 4064 531 4119 ausftlltr
562 4069 720 4133 conquestus
773 4065 826 4118 mit
852 4066 909 4119 und
941 4067 1013 4121 ohne
1039 4065 1143 4135 Objelxt
1173 4067 1330 4136 gebraucht

160 4136 202 4191 M.
223 4136 351 4191 Pisonem
368 4137 462 4192 uocari
479 4136 560 4191 iubet.
772 4133 867 4190 Cicero
894 4135 952 4190 fast
979 4138 1174 4193 ausnahmslos
1201 4154 1255 4192 nur
1282 4140 1328 4194 bei

198 4210 239 4261 14.
267 4212 400 4277 qautenus
421 4206 520 4261 kausal
544 4207 615 4261 statt
631 4222 717 4276 quorr-
771 4206 942 4261 saehlichem
960 4207 1086 4276 Subjekt.

162 4278 227 4344 iam,
246 4278 317 4331 auch
336 4278 373 4330 im
392 4276 527 4346 Dialogus
542 4282 567 4332 5.
584 4284 625 4344 19,
640 4277 719 4331 sonet
808 4282 850 4330 23.
860 4277 1258 4345 colle9.coasuz.‚imJahreuv.
1265 4279 1328 4334 Chr.

162 4345 361 4417 altertsrmlich,
380 4347 549 4403 diehterisch
564 4347 621 4401 und
634 4348 719 4402 nach·
808 4346 856 4400 17.
875 4353 899 4401 2.
919 4350 995 4401 iussa
1014 4348 1073 4402 scil.
1092 4350 1186 4414 fuisse.

161 4416 306 4473 klsssiseh.
808 4422 833 4471 4.
866 4418 1021 4483 miseratus,
1062 4418 1108 4471 ein
1149 4417 1327 4471 aoristisches

1382 4721 1538 4789 ,,
