<?xml version="1.0" encoding="UTF-8"?>
<!DOCTYPE html PUBLIC "-//W3C//DTD XHTML 1.0 Transitional//EN"
    "http://www.w3.org/TR/xhtml1/DTD/xhtml1-transitional.dtd">
<html xmlns="http://www.w3.org/1999/xhtml" xml:lang="en" lang="en">
 <head>
  <title>
</title>
<meta http-equiv="Content-Type" content="text/html;charset=utf-8" />
  <meta name='ocr-system' content='tesseract 3.04.00' />
  <meta name='ocr-capabilities' content='ocr_page ocr_carea ocr_par ocr_line ocrx_word'/>
</head>
<body>
  <div class='ocr_page' id='page_1' title='image "./dieannalendesta00bechgoog_0156.png"; bbox 0 0 3092 4834; ppageno 0'>
   <div class='ocr_carea' id='block_1_1' title="bbox 213 239 1242 305">
    <p class='ocr_par' dir='ltr' id='par_1_1' title="bbox 213 239 1242 305">
     <span class='ocr_line' id='line_1_1' title="bbox 213 239 1242 305; baseline 0 -9"><span class='ocrx_word' id='word_1_1' title='bbox 213 241 275 305; x_wconf 85' lang='grc'><strong>146</strong></span> <span class='ocrx_word' id='word_1_2' title='bbox 366 241 396 294; x_wconf 93' lang='grc' dir='ltr'><strong>Ρ.</strong></span> <span class='ocrx_word' id='word_1_3' title='bbox 416 239 586 295; x_wconf 77' lang='lat' dir='ltr'>CORNELII</span> <span class='ocrx_word' id='word_1_4' title='bbox 605 240 723 295; x_wconf 71' lang='lat' dir='ltr'><strong>Tnclrl</strong></span> <span class='ocrx_word' id='word_1_5' title='bbox 742 240 789 293; x_wconf 85' lang='lat' dir='ltr'><strong>AB</strong></span> <span class='ocrx_word' id='word_1_6' title='bbox 809 240 969 295; x_wconf 79' lang='lat' dir='ltr'><strong>EXCESSU</strong></span> <span class='ocrx_word' id='word_1_7' title='bbox 988 240 1065 294; x_wconf 86' lang='lat' dir='ltr'>DIVI</span> <span class='ocrx_word' id='word_1_8' title='bbox 1083 241 1242 296; x_wconf 83' lang='lat' dir='ltr'>AUGUSTI</span> 
     </span>
    </p>
   </div>
   <div class='ocr_carea' id='block_1_2' title="bbox 130 404 1388 2452">
    <p class='ocr_par' dir='ltr' id='par_1_2' title="bbox 183 404 1388 849">
     <span class='ocr_line' id='line_1_2' title="bbox 183 404 1388 488; baseline -0.001 -18"><span class='ocrx_word' id='word_1_9' title='bbox 183 404 376 471; x_wconf 79' lang='lat' dir='ltr'><strong>edicendam</strong></span> <span class='ocrx_word' id='word_1_10' title='bbox 409 426 538 472; x_wconf 87' lang='lat' dir='ltr'><strong>causam</strong></span> <span class='ocrx_word' id='word_1_11' title='bbox 566 404 696 469; x_wconf 86' lang='lat' dir='ltr'><strong>veniret.</strong></span> <span class='ocrx_word' id='word_1_12' title='bbox 747 404 802 469; x_wconf 90' lang='lat' dir='ltr'><strong>ille</strong></span> <span class='ocrx_word' id='word_1_13' title='bbox 830 404 960 469; x_wconf 89' lang='lat' dir='ltr'><strong>eludens</strong></span> <span class='ocrx_word' id='word_1_14' title='bbox 993 404 1159 488; x_wconf 88' lang='lat' dir='ltr'><strong>respondit</strong></span> <span class='ocrx_word' id='word_1_15' title='bbox 1191 406 1388 485; x_wconf 85' lang='lat' dir='ltr'><strong>adfuturum,</strong></span> 
     </span>
     <span class='ocr_line' id='line_1_3' title="bbox 210 492 1387 580; baseline 0.002 -22"><span class='ocrx_word' id='word_1_16' title='bbox 210 493 266 558; x_wconf 92' lang='lat' dir='ltr'><strong>ubi</strong></span> <span class='ocrx_word' id='word_1_17' title='bbox 292 498 429 580; x_wconf 87' lang='lat' dir='ltr'><strong>praetor,</strong></span> <span class='ocrx_word' id='word_1_18' title='bbox 458 493 512 577; x_wconf 91' lang='lat' dir='ltr'><strong>qui</strong></span> <span class='ocrx_word' id='word_1_19' title='bbox 537 493 575 557; x_wconf 89' lang='lat' dir='ltr'><strong>de</strong></span> <span class='ocrx_word' id='word_1_20' title='bbox 598 492 761 557; x_wconf 84' lang='lat' dir='ltr'><strong>veneficiis</strong></span> <span class='ocrx_word' id='word_1_21' title='bbox 786 499 964 577; x_wconf 86' lang='lat' dir='ltr'><strong>quaereret,</strong></span> <span class='ocrx_word' id='word_1_22' title='bbox 993 513 1048 557; x_wconf 92' lang='lat' dir='ltr'><strong>reo</strong></span> <span class='ocrx_word' id='word_1_23' title='bbox 1076 498 1173 577; x_wconf 88' lang='lat' dir='ltr'><strong>atque</strong></span> <span class='ocrx_word' id='word_1_24' title='bbox 1196 498 1387 560; x_wconf 88' lang='lat' dir='ltr'><strong>accusatori·</strong></span> 
     </span>
     <span class='ocr_line' id='line_1_4' title="bbox 210 581 1387 667; baseline 0.002 -21"><span class='ocrx_word' id='word_1_25' title='bbox 210 583 270 647; x_wconf 91' lang='lat' dir='ltr'><strong>bus</strong></span> <span class='ocrx_word' id='word_1_26' title='bbox 308 583 392 648; x_wconf 89' lang='lat' dir='ltr'><strong>diem</strong></span> <span class='ocrx_word' id='word_1_27' title='bbox 426 582 628 667; x_wconf 85' lang='lat' dir='ltr'><strong>predixisset.</strong></span> <span class='ocrx_word' id='word_1_28' title='bbox 684 582 812 647; x_wconf 80' lang='lat' dir='ltr'><strong>interim</strong></span> <span class='ocrx_word' id='word_1_29' title='bbox 850 582 1014 647; x_wconf 77' lang='lat' dir='ltr'>Domitius</span> <span class='ocrx_word' id='word_1_30' title='bbox 1051 581 1235 647; x_wconf 89' lang='lat' dir='ltr'><strong>Laodiciam</strong></span> <span class='ocrx_word' id='word_1_31' title='bbox 1274 585 1387 648; x_wconf 87' lang='lat' dir='ltr'><strong>urbem</strong></span> 
     </span>
     <span class='ocr_line' id='line_1_5' title="bbox 211 670 1387 758; baseline 0 -22"><span class='ocrx_word' id='word_1_32' title='bbox 211 670 323 737; x_wconf 78' lang='lat' dir='ltr'><strong>Suriae</strong></span> <span class='ocrx_word' id='word_1_33' title='bbox 356 673 521 756; x_wconf 87' lang='lat' dir='ltr'><strong>adpulsus,</strong></span> <span class='ocrx_word' id='word_1_34' title='bbox 554 692 626 737; x_wconf 92' lang='lat' dir='ltr'><strong>cum</strong></span> <span class='ocrx_word' id='word_1_35' title='bbox 654 671 790 736; x_wconf 85' lang='lat' dir='ltr'><strong>hiberna</strong></span> <span class='ocrx_word' id='word_1_36' title='bbox 822 675 930 736; x_wconf 86' lang='lat' dir='ltr'><strong>sextae</strong></span> <span class='ocrx_word' id='word_1_37' title='bbox 962 671 1100 758; x_wconf 82' lang='lat' dir='ltr'><strong>legionis</strong></span> <span class='ocrx_word' id='word_1_38' title='bbox 1132 677 1269 757; x_wconf 87' lang='lat' dir='ltr'><strong>peteret,</strong></span> <span class='ocrx_word' id='word_1_39' title='bbox 1300 675 1387 758; x_wconf 92' lang='lat' dir='ltr'><strong>quod</strong></span> 
     </span>
     <span class='ocr_line' id='line_1_6' title="bbox 210 760 1386 849; baseline 0.002 -24"><span class='ocrx_word' id='word_1_40' title='bbox 210 782 281 826; x_wconf 88' lang='lat' dir='ltr'><strong>eam</strong></span> <span class='ocrx_word' id='word_1_41' title='bbox 304 761 443 826; x_wconf 81' lang='lat' dir='ltr'><strong>maxime</strong></span> <span class='ocrx_word' id='word_1_42' title='bbox 466 760 558 827; x_wconf 89' lang='lat' dir='ltr'><strong>novis</strong></span> <span class='ocrx_word' id='word_1_43' title='bbox 582 762 725 826; x_wconf 90' lang='lat' dir='ltr'><strong>consiliis</strong></span> <span class='ocrx_word' id='word_1_44' title='bbox 745 761 892 825; x_wconf 82' lang='lat' dir='ltr'><strong>idoneam</strong></span> <span class='ocrx_word' id='word_1_45' title='bbox 916 762 1055 844; x_wconf 87' lang='lat' dir='ltr'><strong>rebatur,</strong></span> <span class='ocrx_word' id='word_1_46' title='bbox 1078 784 1096 824; x_wconf 88' lang='lat' dir='ltr'><strong>a</strong></span> <span class='ocrx_word' id='word_1_47' title='bbox 1115 760 1255 827; x_wconf 88' lang='lat' dir='ltr'><strong>Pacuvio</strong></span> <span class='ocrx_word' id='word_1_48' title='bbox 1278 764 1386 849; x_wconf 88' lang='lat' dir='ltr'><strong>legato</strong></span> 
     </span>
    </p>

    <p class='ocr_par' dir='ltr' id='par_1_3' title="bbox 170 848 1386 1292">
     <span class='ocr_line' id='line_1_7' title="bbox 170 848 1386 935; baseline 0 -19"><span class='ocrx_word' id='word_1_49' title='bbox 170 875 197 916; x_wconf 86' lang='lat'><strong>10</strong></span> <span class='ocrx_word' id='word_1_50' title='bbox 210 851 422 935; x_wconf 79' lang='lat' dir='ltr'><strong>praevenitur.</strong></span> <span class='ocrx_word' id='word_1_51' title='bbox 469 850 502 915; x_wconf 89' lang='lat' dir='ltr'><strong>id</strong></span> <span class='ocrx_word' id='word_1_52' title='bbox 530 849 660 915; x_wconf 88' lang='lat' dir='ltr'><strong>Sentius</strong></span> <span class='ocrx_word' id='word_1_53' title='bbox 687 848 800 914; x_wconf 91' lang='lat' dir='ltr'><strong>Pisoni</strong></span> <span class='ocrx_word' id='word_1_54' title='bbox 832 872 890 934; x_wconf 87' lang='lat' dir='ltr'><strong>per</strong></span> <span class='ocrx_word' id='word_1_55' title='bbox 921 850 1045 914; x_wconf 86' lang='lat' dir='ltr'><strong>litteras</strong></span> <span class='ocrx_word' id='word_1_56' title='bbox 1078 852 1181 934; x_wconf 88' lang='lat' dir='ltr'><strong>aperit</strong></span> <span class='ocrx_word' id='word_1_57' title='bbox 1212 856 1386 935; x_wconf 88' lang='lat' dir='ltr'><strong>monetque</strong></span> 
     </span>
     <span class='ocr_line' id='line_1_8' title="bbox 210 939 1385 1025; baseline 0.002 -21"><span class='ocrx_word' id='word_1_58' title='bbox 210 962 251 1004; x_wconf 90' lang='lat' dir='ltr'><strong>ne</strong></span> <span class='ocrx_word' id='word_1_59' title='bbox 274 944 378 1006; x_wconf 86' lang='lat' dir='ltr'><strong>cestra</strong></span> <span class='ocrx_word' id='word_1_60' title='bbox 397 939 650 1024; x_wconf 90' lang='lat' dir='ltr'><strong>corruptoribus,</strong></span> <span class='ocrx_word' id='word_1_61' title='bbox 674 962 714 1004; x_wconf 90' lang='lat' dir='ltr'><strong>ne</strong></span> <span class='ocrx_word' id='word_1_62' title='bbox 732 940 933 1023; x_wconf 88' lang='lat' dir='ltr'><strong>provinciam</strong></span> <span class='ocrx_word' id='word_1_63' title='bbox 953 939 1037 1003; x_wconf 90' lang='lat' dir='ltr'><strong>bello</strong></span> <span class='ocrx_word' id='word_1_64' title='bbox 1057 943 1202 1024; x_wconf 89' lang='lat' dir='ltr'><strong>temptet.</strong></span> <span class='ocrx_word' id='word_1_65' title='bbox 1241 963 1385 1025; x_wconf 90' lang='lat' dir='ltr'><strong>quosque</strong></span> 
     </span>
     <span class='ocr_line' id='line_1_9' title="bbox 211 1028 1386 1116; baseline 0 -24"><span class='ocrx_word' id='word_1_66' title='bbox 211 1028 393 1094; x_wconf 83' lang='lat' dir='ltr'><strong>Germanici</strong></span> <span class='ocrx_word' id='word_1_67' title='bbox 429 1050 586 1094; x_wconf 85' lang='lat' dir='ltr'><strong>memores</strong></span> <span class='ocrx_word' id='word_1_68' title='bbox 623 1033 678 1093; x_wconf 95' lang='lat' dir='ltr'><strong>aut</strong></span> <span class='ocrx_word' id='word_1_69' title='bbox 716 1029 854 1093; x_wconf 90' lang='lat' dir='ltr'><strong>inimicis</strong></span> <span class='ocrx_word' id='word_1_70' title='bbox 879 1030 959 1103; x_wconf 77' lang='lat' dir='ltr'><strong>,eius</strong></span> <span class='ocrx_word' id='word_1_71' title='bbox 997 1029 1146 1106; x_wconf 88' lang='lat' dir='ltr'><strong>adversos</strong></span> <span class='ocrx_word' id='word_1_72' title='bbox 1183 1036 1386 1116; x_wconf 85' lang='lat' dir='ltr'><strong>cognoverat,</strong></span> 
     </span>
     <span class='ocr_line' id='line_1_10' title="bbox 211 1117 1386 1206; baseline -0.002 -23"><span class='ocrx_word' id='word_1_73' title='bbox 211 1119 381 1202; x_wconf 85' lang='lat' dir='ltr'><strong>contrahit,</strong></span> <span class='ocrx_word' id='word_1_74' title='bbox 417 1117 673 1206; x_wconf 76' lang='lat' dir='ltr'><strong>magnitudinem</strong></span> <span class='ocrx_word' id='word_1_75' title='bbox 711 1118 914 1202; x_wconf 88' lang='lat' dir='ltr'><strong>imperatoris</strong></span> <span class='ocrx_word' id='word_1_76' title='bbox 951 1117 1126 1182; x_wconf 86' lang='lat' dir='ltr'><strong>identidem</strong></span> <span class='ocrx_word' id='word_1_77' title='bbox 1165 1118 1312 1204; x_wconf 88' lang='lat' dir='ltr'><strong>ingerens</strong></span> <span class='ocrx_word' id='word_1_78' title='bbox 1354 1122 1386 1183; x_wconf 90' lang='lat' dir='ltr'><strong>et</strong></span> 
     </span>
     <span class='ocr_line' id='line_1_11' title="bbox 208 1207 1385 1292; baseline 0.001 -21"><span class='ocrx_word' id='word_1_79' title='bbox 208 1229 277 1272; x_wconf 91' lang='lat' dir='ltr'><strong>rem</strong></span> <span class='ocrx_word' id='word_1_80' title='bbox 300 1207 462 1292; x_wconf 80' lang='lat' dir='ltr'><strong>publicam</strong></span> <span class='ocrx_word' id='word_1_81' title='bbox 481 1208 577 1272; x_wconf 90' lang='lat' dir='ltr'><strong>armis</strong></span> <span class='ocrx_word' id='word_1_82' title='bbox 601 1208 681 1292; x_wconf 78' lang='lat' dir='ltr'><strong>peti3</strong></span> <span class='ocrx_word' id='word_1_83' title='bbox 711 1207 864 1290; x_wconf 89' lang='lat' dir='ltr'><strong>ducitque</strong></span> <span class='ocrx_word' id='word_1_84' title='bbox 887 1207 1026 1271; x_wconf 85' lang='lat' dir='ltr'><strong>validam</strong></span> <span class='ocrx_word' id='word_1_85' title='bbox 1050 1230 1180 1273; x_wconf 88' lang='lat' dir='ltr'><strong>manum</strong></span> <span class='ocrx_word' id='word_1_86' title='bbox 1206 1212 1238 1272; x_wconf 90' lang='lat' dir='ltr'><strong>et</strong></span> <span class='ocrx_word' id='word_1_87' title='bbox 1260 1208 1385 1292; x_wconf 90' lang='lat' dir='ltr'><strong>proelio</strong></span> 
     </span>
    </p>

    <p class='ocr_par' dir='ltr' id='par_1_4' title="bbox 169 1301 362 1381">
     <span class='ocr_line' id='line_1_12' title="bbox 169 1301 362 1381; baseline -0.005 -19"><span class='ocrx_word' id='word_1_88' title='bbox 169 1321 195 1362; x_wconf 80' lang='lat' dir='ltr'><strong>rs</strong></span> <span class='ocrx_word' id='word_1_89' title='bbox 208 1301 362 1381; x_wconf 84' lang='lat' dir='ltr'><strong>paratam.</strong></span> 
     </span>
    </p>

    <p class='ocr_par' dir='ltr' id='par_1_5' title="bbox 156 1384 1387 1740">
     <span class='ocr_line' id='line_1_13' title="bbox 156 1384 1385 1470; baseline -0.001 -20"><span class='ocrx_word' id='word_1_90' title='bbox 156 1385 201 1451; x_wconf 89' lang='lat'><strong>80</strong></span> <span class='ocrx_word' id='word_1_91' title='bbox 299 1385 369 1453; x_wconf 87' lang='lat' dir='ltr'><strong>Nec</strong></span> <span class='ocrx_word' id='word_1_92' title='bbox 389 1387 474 1470; x_wconf 91' lang='lat' dir='ltr'><strong>Piso,</strong></span> <span class='ocrx_word' id='word_1_93' title='bbox 500 1408 694 1470; x_wconf 85' lang='lat' dir='ltr'><strong>quemquam</strong></span> <span class='ocrx_word' id='word_1_94' title='bbox 718 1389 833 1470; x_wconf 89' lang='lat' dir='ltr'><strong>coepta</strong></span> <span class='ocrx_word' id='word_1_95' title='bbox 856 1406 946 1449; x_wconf 81' lang='lat' dir='ltr'><strong>secus</strong></span> <span class='ocrx_word' id='word_1_96' title='bbox 970 1385 1134 1468; x_wconf 84' lang='lat' dir='ltr'><strong>cadebant,</strong></span> <span class='ocrx_word' id='word_1_97' title='bbox 1159 1384 1269 1451; x_wconf 90' lang='lat' dir='ltr'><strong>omisit</strong></span> <span class='ocrx_word' id='word_1_98' title='bbox 1291 1386 1385 1450; x_wconf 86' lang='lat' dir='ltr'><strong>tutis-</strong></span> 
     </span>
     <span class='ocr_line' id='line_1_14' title="bbox 209 1472 1386 1560; baseline 0 -21"><span class='ocrx_word' id='word_1_99' title='bbox 209 1476 291 1540; x_wconf 89' lang='lat' dir='ltr'><strong>sima</strong></span> <span class='ocrx_word' id='word_1_100' title='bbox 314 1498 331 1540; x_wconf 86' lang='lat' dir='ltr'><strong>e</strong></span> <span class='ocrx_word' id='word_1_101' title='bbox 354 1477 584 1560; x_wconf 84' lang='lat' dir='ltr'><strong>praesentibus,</strong></span> <span class='ocrx_word' id='word_1_102' title='bbox 604 1475 658 1539; x_wconf 90' lang='lat' dir='ltr'><strong>sed</strong></span> <span class='ocrx_word' id='word_1_103' title='bbox 678 1476 846 1540; x_wconf 84' lang='lat' dir='ltr'><strong>castellum</strong></span> <span class='ocrx_word' id='word_1_104' title='bbox 865 1472 995 1539; x_wconf 79' lang='lat' dir='ltr'><strong>Ciliciae</strong></span> <span class='ocrx_word' id='word_1_105' title='bbox 1018 1474 1180 1539; x_wconf 89' lang='lat' dir='ltr'><strong>munitum</strong></span> <span class='ocrx_word' id='word_1_106' title='bbox 1203 1475 1386 1554; x_wconf 90' lang='lat' dir='ltr'><strong>admodum,</strong></span> 
     </span>
     <span class='ocr_line' id='line_1_15' title="bbox 210 1563 1387 1649; baseline 0 -20"><span class='ocrx_word' id='word_1_107' title='bbox 210 1566 262 1630; x_wconf 89' lang='lat' dir='ltr'><strong>cui</strong></span> <span class='ocrx_word' id='word_1_108' title='bbox 288 1587 407 1630; x_wconf 91' lang='lat' dir='ltr'><strong>nomen</strong></span> <span class='ocrx_word' id='word_1_109' title='bbox 436 1563 627 1647; x_wconf 87' lang='lat' dir='ltr'><strong>Celenderis,</strong></span> <span class='ocrx_word' id='word_1_110' title='bbox 658 1569 808 1649; x_wconf 66' lang='lat' dir='ltr'><strong>occupat,</strong></span> <span class='ocrx_word' id='word_1_111' title='bbox 837 1587 912 1628; x_wconf 83' lang='lat' dir='ltr'><strong>nam</strong></span> <span class='ocrx_word' id='word_1_112' title='bbox 942 1563 1092 1628; x_wconf 83' lang='lat' dir='ltr'><strong>admixtis</strong></span> <span class='ocrx_word' id='word_1_113' title='bbox 1116 1563 1331 1629; x_wconf 84' lang='lat' dir='ltr'><strong>desertoribus</strong></span> <span class='ocrx_word' id='word_1_114' title='bbox 1355 1572 1387 1629; x_wconf 86' lang='lat' dir='ltr'><strong>et</strong></span> 
     </span>
     <span class='ocr_line' id='line_1_16' title="bbox 210 1651 1387 1740; baseline 0.001 -23"><span class='ocrx_word' id='word_1_115' title='bbox 210 1655 314 1719; x_wconf 91' lang='lat' dir='ltr'><strong>tirone</strong></span> <span class='ocrx_word' id='word_1_116' title='bbox 341 1677 445 1740; x_wconf 90' lang='lat' dir='ltr'><strong>nuper</strong></span> <span class='ocrx_word' id='word_1_117' title='bbox 472 1656 650 1737; x_wconf 87' lang='lat' dir='ltr'><strong>intercepto</strong></span> <span class='ocrx_word' id='word_1_118' title='bbox 679 1652 809 1737; x_wconf 87' lang='lat' dir='ltr'><strong>suisque</strong></span> <span class='ocrx_word' id='word_1_119' title='bbox 836 1658 869 1717; x_wconf 87' lang='lat' dir='ltr'><strong>et</strong></span> <span class='ocrx_word' id='word_1_120' title='bbox 896 1651 1068 1718; x_wconf 77' lang='lat' dir='ltr'><strong>Plancinae</strong></span> <span class='ocrx_word' id='word_1_121' title='bbox 1095 1653 1235 1718; x_wconf 87' lang='lat' dir='ltr'><strong>servitiis</strong></span> <span class='ocrx_word' id='word_1_122' title='bbox 1267 1654 1387 1718; x_wconf 83' lang='lat' dir='ltr'><strong>auxilia</strong></span> 
     </span>
    </p>

    <p class='ocr_par' dir='ltr' id='par_1_6' title="bbox 130 1741 1387 2452">
     <span class='ocr_line' id='line_1_17' title="bbox 184 1741 1386 1829; baseline -0.001 -21"><span class='ocrx_word' id='word_1_123' title='bbox 184 1742 362 1829; x_wconf 83' lang='lat' dir='ltr'><strong>sCilicum,</strong></span> <span class='ocrx_word' id='word_1_124' title='bbox 391 1766 471 1826; x_wconf 90' lang='lat' dir='ltr'><strong>quae</strong></span> <span class='ocrx_word' id='word_1_125' title='bbox 501 1744 606 1829; x_wconf 88' lang='lat' dir='ltr'><strong>reguli</strong></span> <span class='ocrx_word' id='word_1_126' title='bbox 634 1743 801 1825; x_wconf 82' lang='lat' dir='ltr'><strong>miserant,</strong></span> <span class='ocrx_word' id='word_1_127' title='bbox 832 1743 867 1806; x_wconf 91' lang='lat' dir='ltr'><strong>in</strong></span> <span class='ocrx_word' id='word_1_128' title='bbox 893 1763 1063 1806; x_wconf 90' lang='lat' dir='ltr'><strong>numerum</strong></span> <span class='ocrx_word' id='word_1_129' title='bbox 1092 1741 1230 1828; x_wconf 82' lang='lat' dir='ltr'><strong>legionis</strong></span> <span class='ocrx_word' id='word_1_130' title='bbox 1259 1763 1386 1827; x_wconf 93' lang='lat' dir='ltr'><strong>compo-</strong></span> 
     </span>
     <span class='ocr_line' id='line_1_18' title="bbox 211 1830 1386 1917; baseline 0 -21"><span class='ocrx_word' id='word_1_131' title='bbox 211 1836 326 1897; x_wconf 85' lang='lat' dir='ltr'><strong>suerat.</strong></span> <span class='ocrx_word' id='word_1_132' title='bbox 372 1830 579 1916; x_wconf 80' lang='lat' dir='ltr'><strong>Caesarisque</strong></span> <span class='ocrx_word' id='word_1_133' title='bbox 609 1853 643 1896; x_wconf 89' lang='lat' dir='ltr'><strong>se</strong></span> <span class='ocrx_word' id='word_1_134' title='bbox 666 1831 809 1917; x_wconf 84' lang='lat' dir='ltr'><strong>legatum</strong></span> <span class='ocrx_word' id='word_1_135' title='bbox 833 1830 1012 1896; x_wconf 87' lang='lat' dir='ltr'><strong>testabatur</strong></span> <span class='ocrx_word' id='word_1_136' title='bbox 1035 1831 1208 1915; x_wconf 83' lang='lat' dir='ltr'><strong>provincia,</strong></span> <span class='ocrx_word' id='word_1_137' title='bbox 1239 1853 1334 1915; x_wconf 84' lang='lat' dir='ltr'><strong>quam</strong></span> <span class='ocrx_word' id='word_1_138' title='bbox 1358 1833 1386 1896; x_wconf 92' lang='lat' dir='ltr'><strong>is</strong></span> 
     </span>
     <span class='ocr_line' id='line_1_19' title="bbox 212 1918 1385 2006; baseline -0.002 -21"><span class='ocrx_word' id='word_1_139' title='bbox 212 1921 359 2006; x_wconf 86' lang='lat' dir='ltr'><strong>dedisset,</strong></span> <span class='ocrx_word' id='word_1_140' title='bbox 378 1922 487 2004; x_wconf 88' lang='lat' dir='ltr'><strong>arceri,</strong></span> <span class='ocrx_word' id='word_1_141' title='bbox 506 1942 573 1985; x_wconf 89' lang='lat' dir='ltr'><strong>non</strong></span> <span class='ocrx_word' id='word_1_142' title='bbox 595 1943 614 1984; x_wconf 98' lang='lat' dir='ltr'><strong>a</strong></span> <span class='ocrx_word' id='word_1_143' title='bbox 633 1920 817 2006; x_wconf 89' lang='lat' dir='ltr'><strong>legionibus</strong></span> <span class='ocrx_word' id='word_1_144' title='bbox 839 1918 963 2006; x_wconf 81' lang='lat' dir='ltr'><strong>(aarum</strong></span> <span class='ocrx_word' id='word_1_145' title='bbox 983 1921 1103 2005; x_wconf 90' lang='lat' dir='ltr'><strong>quippe</strong></span> <span class='ocrx_word' id='word_1_146' title='bbox 1126 1919 1231 1984; x_wconf 90' lang='lat' dir='ltr'><strong>accitu</strong></span> <span class='ocrx_word' id='word_1_147' title='bbox 1253 1919 1385 2005; x_wconf 89' lang='lat' dir='ltr'><strong>venire),</strong></span> 
     </span>
     <span class='ocr_line' id='line_1_20' title="bbox 211 2009 1384 2161; baseline -0.002 -87"><span class='ocrx_word' id='word_1_148' title='bbox 211 2010 267 2074; x_wconf 90' lang='lat' dir='ltr'><strong>sed</strong></span> <span class='ocrx_word' id='word_1_149' title='bbox 294 2034 313 2075; x_wconf 90' lang='lat' dir='ltr'><strong>a</strong></span> <span class='ocrx_word' id='word_1_150' title='bbox 336 2009 447 2075; x_wconf 85' lang='lat' dir='ltr'><strong>Sentio</strong></span> <span class='ocrx_word' id='word_1_151' title='bbox 470 2011 632 2095; x_wconf 83' lang='lat' dir='ltr'><strong>privatum</strong></span> <span class='ocrx_word' id='word_1_152' title='bbox 662 2009 771 2074; x_wconf 91' lang='lat' dir='ltr'><strong>odium</strong></span> <span class='ocrx_word' id='word_1_153' title='bbox 799 2010 889 2073; x_wconf 84' lang='lat' dir='ltr'><strong>falsis</strong></span> <span class='ocrx_word' id='word_1_154' title='bbox 918 2010 1105 2074; x_wconf 89' lang='lat' dir='ltr'><strong>criminibus</strong></span> <span class='ocrx_word' id='word_1_155' title='bbox 1129 2012 1266 2161; x_wconf 59' lang='lat' dir='ltr'><strong>tegente.</strong></span> <span class='ocrx_word' id='word_1_156' title='bbox 1312 2030 1384 2072; x_wconf 91' lang='lat' dir='ltr'><strong>con·</strong></span> 
     </span>
     <span class='ocr_line' id='line_1_21' title="bbox 211 2098 1385 2186; baseline -0.003 -22"><span class='ocrx_word' id='word_1_157' title='bbox 211 2100 361 2165; x_wconf 88' lang='lat' dir='ltr'><strong>sisterent</strong></span> <span class='ocrx_word' id='word_1_158' title='bbox 393 2101 427 2163; x_wconf 92' lang='lat' dir='ltr'><strong>in</strong></span> <span class='ocrx_word' id='word_1_159' title='bbox 455 2101 535 2186; x_wconf 89' lang='lat' dir='ltr'><strong>acie,</strong></span> <span class='ocrx_word' id='word_1_160' title='bbox 566 2122 633 2163; x_wconf 89' lang='lat' dir='ltr'><strong>non</strong></span> <span class='ocrx_word' id='word_1_161' title='bbox 665 2100 855 2184; x_wconf 88' lang='lat' dir='ltr'><strong>pugnaturis</strong></span> <span class='ocrx_word' id='word_1_162' title='bbox 884 2098 1054 2183; x_wconf 87' lang='lat' dir='ltr'><strong>militibus,</strong></span> <span class='ocrx_word' id='word_1_163' title='bbox 1081 2099 1138 2163; x_wconf 95' lang='lat' dir='ltr'><strong>ubi</strong></span> <span class='ocrx_word' id='word_1_164' title='bbox 1192 2099 1315 2163; x_wconf 71' lang='lat' dir='ltr'><strong>monem</strong></span> <span class='ocrx_word' id='word_1_165' title='bbox 1346 2098 1385 2161; x_wconf 90' lang='lat' dir='ltr'><strong>ab</strong></span> 
     </span>
     <span class='ocr_line' id='line_1_22' title="bbox 130 2187 1385 2273; baseline -0.003 -20"><span class='ocrx_word' id='word_1_166' title='bbox 130 2264 136 2271; x_wconf 29' lang='lat'>¹</span> <span class='ocrx_word' id='word_1_167' title='bbox 169 2214 197 2254; x_wconf 78' lang='grc' dir='ltr'><strong>ιο</strong></span> <span class='ocrx_word' id='word_1_168' title='bbox 210 2188 290 2272; x_wconf 89' lang='lat' dir='ltr'><strong>ipsis</strong></span> <span class='ocrx_word' id='word_1_169' title='bbox 308 2193 474 2273; x_wconf 87' lang='lat' dir='ltr'><strong>parentem</strong></span> <span class='ocrx_word' id='word_1_170' title='bbox 493 2188 655 2272; x_wconf 86' lang='lat' dir='ltr'><strong>quondam</strong></span> <span class='ocrx_word' id='word_1_171' title='bbox 674 2187 880 2273; x_wconf 88' lang='lat' dir='ltr'><strong>appellatum,</strong></span> <span class='ocrx_word' id='word_1_172' title='bbox 904 2188 931 2252; x_wconf 89' lang='lat' dir='ltr'><strong>si</strong></span> <span class='ocrx_word' id='word_1_173' title='bbox 950 2189 1019 2253; x_wconf 92' lang='lat' dir='ltr'><strong>iure</strong></span> <span class='ocrx_word' id='word_1_174' title='bbox 1038 2193 1195 2273; x_wconf 89' lang='lat' dir='ltr'><strong>ageretur,</strong></span> <span class='ocrx_word' id='word_1_175' title='bbox 1218 2187 1385 2272; x_wconf 86' lang='lat' dir='ltr'><strong>potiorem,</strong></span> 
     </span>
     <span class='ocr_line' id='line_1_23' title="bbox 211 2276 1386 2362; baseline -0.003 -20"><span class='ocrx_word' id='word_1_176' title='bbox 211 2279 239 2342; x_wconf 88' lang='lat' dir='ltr'><strong>si</strong></span> <span class='ocrx_word' id='word_1_177' title='bbox 257 2279 363 2362; x_wconf 86' lang='lat' dir='ltr'><strong>ermis,</strong></span> <span class='ocrx_word' id='word_1_178' title='bbox 382 2300 447 2343; x_wconf 90' lang='lat' dir='ltr'><strong>non</strong></span> <span class='ocrx_word' id='word_1_179' title='bbox 466 2277 642 2342; x_wconf 87' lang='lat' dir='ltr'><strong>invalidum</strong></span> <span class='ocrx_word' id='word_1_180' title='bbox 660 2277 825 2342; x_wconf 78' lang='lat' dir='ltr'><strong>vidissent.</strong></span> <span class='ocrx_word' id='word_1_181' title='bbox 862 2281 933 2341; x_wconf 91' lang='lat' dir='ltr'><strong>tum</strong></span> <span class='ocrx_word' id='word_1_182' title='bbox 951 2299 1009 2361; x_wconf 88' lang='lat' dir='ltr'><strong>pro</strong></span> <span class='ocrx_word' id='word_1_183' title='bbox 1029 2276 1238 2341; x_wconf 88' lang='lat' dir='ltr'><strong>munimentis</strong></span> <span class='ocrx_word' id='word_1_184' title='bbox 1263 2276 1386 2341; x_wconf 89' lang='lat' dir='ltr'><strong>castelli</strong></span> 
     </span>
     <span class='ocr_line' id='line_1_24' title="bbox 211 2366 1387 2452; baseline -0.003 -20"><span class='ocrx_word' id='word_1_185' title='bbox 211 2368 393 2452; x_wconf 88' lang='lat' dir='ltr'><strong>manipulos</strong></span> <span class='ocrx_word' id='word_1_186' title='bbox 417 2368 570 2452; x_wconf 87' lang='lat' dir='ltr'><strong>explicet,</strong></span> <span class='ocrx_word' id='word_1_187' title='bbox 599 2366 680 2431; x_wconf 90' lang='lat' dir='ltr'><strong>colle</strong></span> <span class='ocrx_word' id='word_1_188' title='bbox 708 2366 809 2431; x_wconf 91' lang='lat' dir='ltr'><strong>arduo</strong></span> <span class='ocrx_word' id='word_1_189' title='bbox 838 2370 870 2430; x_wconf 88' lang='lat' dir='ltr'><strong>et</strong></span> <span class='ocrx_word' id='word_1_190' title='bbox 893 2368 1042 2450; x_wconf 87' lang='lat' dir='ltr'><strong>derupto;</strong></span> <span class='ocrx_word' id='word_1_191' title='bbox 1070 2388 1145 2430; x_wconf 89' lang='lat' dir='ltr'><strong>nam</strong></span> <span class='ocrx_word' id='word_1_192' title='bbox 1173 2370 1279 2431; x_wconf 87' lang='lat' dir='ltr'><strong>cetera</strong></span> <span class='ocrx_word' id='word_1_193' title='bbox 1306 2367 1387 2430; x_wconf 90' lang='lat' dir='ltr'><strong>mari</strong></span> 
     </span>
    </p>
   </div>
   <div class='ocr_carea' id='block_1_3' title="bbox 125 2454 1388 2986">
    <p class='ocr_par' dir='ltr' id='par_1_7' title="bbox 125 2454 1388 2986">
     <span class='ocr_line' id='line_1_25' title="bbox 211 2454 1385 2543; baseline -0.003 -22"><span class='ocrx_word' id='word_1_194' title='bbox 211 2458 391 2543; x_wconf 88' lang='lat' dir='ltr'><strong>cinguntur.</strong></span> <span class='ocrx_word' id='word_1_195' title='bbox 447 2461 558 2521; x_wconf 88' lang='lat' dir='ltr'><strong>contra</strong></span> <span class='ocrx_word' id='word_1_196' title='bbox 588 2456 729 2521; x_wconf 87' lang='lat' dir='ltr'><strong>veterani</strong></span> <span class='ocrx_word' id='word_1_197' title='bbox 762 2455 929 2520; x_wconf 88' lang='lat' dir='ltr'><strong>ordinibus</strong></span> <span class='ocrx_word' id='word_1_198' title='bbox 967 2478 1003 2520; x_wconf 89' lang='lat' dir='ltr'><strong>ac</strong></span> <span class='ocrx_word' id='word_1_199' title='bbox 1036 2454 1187 2520; x_wconf 89' lang='lat' dir='ltr'><strong>subsidiis</strong></span> <span class='ocrx_word' id='word_1_200' title='bbox 1225 2456 1385 2520; x_wconf 86' lang='lat' dir='ltr'><strong>instructi:</strong></span> 
     </span>
     <span class='ocr_line' id='line_1_26' title="bbox 210 2541 1388 2631; baseline -0.002 -21"><span class='ocrx_word' id='word_1_201' title='bbox 210 2546 286 2611; x_wconf 85' lang='lat' dir='ltr'><strong>hinc</strong></span> <span class='ocrx_word' id='word_1_202' title='bbox 318 2541 472 2631; x_wconf 85' lang='lat' dir='ltr'><strong>militum,</strong></span> <span class='ocrx_word' id='word_1_203' title='bbox 499 2545 574 2610; x_wconf 90' lang='lat' dir='ltr'><strong>inde</strong></span> <span class='ocrx_word' id='word_1_204' title='bbox 601 2545 746 2610; x_wconf 89' lang='lat' dir='ltr'><strong>locorum</strong></span> <span class='ocrx_word' id='word_1_205' title='bbox 773 2545 944 2629; x_wconf 88' lang='lat' dir='ltr'><strong>asperitas,</strong></span> <span class='ocrx_word' id='word_1_206' title='bbox 974 2544 1029 2609; x_wconf 90' lang='lat' dir='ltr'><strong>sed</strong></span> <span class='ocrx_word' id='word_1_207' title='bbox 1056 2567 1122 2609; x_wconf 89' lang='lat' dir='ltr'><strong>non</strong></span> <span class='ocrx_word' id='word_1_208' title='bbox 1149 2546 1289 2623; x_wconf 87' lang='lat' dir='ltr'><strong>animus,</strong></span> <span class='ocrx_word' id='word_1_209' title='bbox 1321 2566 1388 2609; x_wconf 89' lang='lat' dir='ltr'><strong>non</strong></span> 
     </span>
     <span class='ocr_line' id='line_1_27' title="bbox 125 2633 1387 2720; baseline -0.003 -20"><span class='ocrx_word' id='word_1_210' title='bbox 125 2706 128 2711; x_wconf 59' lang='grc'>,</span> <span class='ocrx_word' id='word_1_211' title='bbox 171 2660 197 2701; x_wconf 83' lang='lat' dir='ltr'><strong>rs</strong></span> <span class='ocrx_word' id='word_1_212' title='bbox 213 2656 298 2720; x_wconf 87' lang='lat' dir='ltr'><strong>spes,</strong></span> <span class='ocrx_word' id='word_1_213' title='bbox 323 2658 364 2700; x_wconf 90' lang='lat' dir='ltr'><strong>ne</strong></span> <span class='ocrx_word' id='word_1_214' title='bbox 393 2637 458 2700; x_wconf 90' lang='lat' dir='ltr'><strong>tela</strong></span> <span class='ocrx_word' id='word_1_215' title='bbox 481 2635 610 2719; x_wconf 87' lang='lat' dir='ltr'><strong>quidem</strong></span> <span class='ocrx_word' id='word_1_216' title='bbox 640 2634 703 2699; x_wconf 91' lang='lat' dir='ltr'><strong>nisi</strong></span> <span class='ocrx_word' id='word_1_217' title='bbox 727 2635 865 2719; x_wconf 89' lang='lat' dir='ltr'><strong>agrestia</strong></span> <span class='ocrx_word' id='word_1_218' title='bbox 894 2637 949 2698; x_wconf 88' lang='lat' dir='ltr'><strong>eut</strong></span> <span class='ocrx_word' id='word_1_219' title='bbox 972 2633 1115 2698; x_wconf 88' lang='lat' dir='ltr'><strong>subitum</strong></span> <span class='ocrx_word' id='word_1_220' title='bbox 1138 2636 1175 2698; x_wconf 85' lang='lat' dir='ltr'><strong>iu</strong></span> <span class='ocrx_word' id='word_1_221' title='bbox 1197 2656 1292 2698; x_wconf 90' lang='lat' dir='ltr'><strong>usum</strong></span> <span class='ocrx_word' id='word_1_222' title='bbox 1316 2655 1387 2717; x_wconf 91' lang='lat' dir='ltr'><strong>pro-</strong></span> 
     </span>
     <span class='ocr_line' id='line_1_28' title="bbox 211 2722 1386 2808; baseline -0.002 -20"><span class='ocrx_word' id='word_1_223' title='bbox 211 2728 328 2807; x_wconf 88' lang='lat' dir='ltr'><strong>perata.</strong></span> <span class='ocrx_word' id='word_1_224' title='bbox 375 2728 412 2788; x_wconf 90' lang='lat' dir='ltr'><strong>ut</strong></span> <span class='ocrx_word' id='word_1_225' title='bbox 434 2746 550 2789; x_wconf 86' lang='lat' dir='ltr'><strong>venere</strong></span> <span class='ocrx_word' id='word_1_226' title='bbox 574 2724 607 2787; x_wconf 91' lang='lat' dir='ltr'><strong>in</strong></span> <span class='ocrx_word' id='word_1_227' title='bbox 631 2745 753 2808; x_wconf 87' lang='lat' dir='ltr'><strong>manus,</strong></span> <span class='ocrx_word' id='word_1_228' title='bbox 776 2746 843 2788; x_wconf 92' lang='lat' dir='ltr'><strong>non</strong></span> <span class='ocrx_word' id='word_1_229' title='bbox 866 2724 951 2788; x_wconf 87' lang='lat' dir='ltr'><strong>ultra</strong></span> <span class='ocrx_word' id='word_1_230' title='bbox 974 2722 1166 2807; x_wconf 86' lang='lat' dir='ltr'><strong>dubitatum,</strong></span> <span class='ocrx_word' id='word_1_231' title='bbox 1190 2723 1386 2806; x_wconf 80' lang='lat' dir='ltr'><strong>quemdum</strong></span> 
     </span>
     <span class='ocr_line' id='line_1_29' title="bbox 211 2809 1386 2897; baseline -0.004 -18"><span class='ocrx_word' id='word_1_232' title='bbox 211 2812 376 2879; x_wconf 85' lang='lat' dir='ltr'><strong>Romanae</strong></span> <span class='ocrx_word' id='word_1_233' title='bbox 394 2814 543 2878; x_wconf 86' lang='lat' dir='ltr'><strong>cohortes</strong></span> <span class='ocrx_word' id='word_1_234' title='bbox 566 2814 601 2877; x_wconf 91' lang='lat' dir='ltr'><strong>in</strong></span> <span class='ocrx_word' id='word_1_235' title='bbox 624 2835 760 2896; x_wconf 88' lang='lat' dir='ltr'><strong>acquum</strong></span> <span class='ocrx_word' id='word_1_236' title='bbox 781 2813 989 2897; x_wconf 84' lang='lat' dir='ltr'><strong>eniterentur;</strong></span> <span class='ocrx_word' id='word_1_237' title='bbox 1013 2815 1142 2876; x_wconf 87' lang='lat' dir='ltr'><strong>vertunt</strong></span> <span class='ocrx_word' id='word_1_238' title='bbox 1161 2816 1252 2896; x_wconf 87' lang='lat' dir='ltr'><strong>terga</strong></span> <span class='ocrx_word' id='word_1_239' title='bbox 1271 2809 1386 2876; x_wconf 83' lang='lat' dir='ltr'><strong>Cilices</strong></span> 
     </span>
     <span class='ocr_line' id='line_1_30' title="bbox 211 2902 648 2986; baseline 0.002 -21"><span class='ocrx_word' id='word_1_240' title='bbox 211 2923 308 2986; x_wconf 89' lang='lat' dir='ltr'><strong>seque</strong></span> <span class='ocrx_word' id='word_1_241' title='bbox 331 2904 463 2967; x_wconf 87' lang='lat' dir='ltr'><strong>castello</strong></span> <span class='ocrx_word' id='word_1_242' title='bbox 486 2902 648 2968; x_wconf 86' lang='lat' dir='ltr'><strong>claudunt.</strong></span> 
     </span>
    </p>
   </div>
   <div class='ocr_carea' id='block_1_4' title="bbox 210 3128 1388 4484">
    <p class='ocr_par' dir='ltr' id='par_1_8' title="bbox 210 3128 1386 3271">
     <span class='ocr_line' id='line_1_31' title="bbox 210 3128 1386 3198; baseline -0.002 -15"><span class='ocrx_word' id='word_1_243' title='bbox 210 3129 482 3198; x_wconf 84' lang='lat' dir='ltr'><strong>minaljurisdiktion</strong></span> <span class='ocrx_word' id='word_1_244' title='bbox 509 3131 579 3184; x_wconf 79' lang='lat' dir='ltr'><strong>uber</strong></span> <span class='ocrx_word' id='word_1_245' title='bbox 606 3131 682 3184; x_wconf 88' lang='lat' dir='ltr'><strong>scine</strong></span> <span class='ocrx_word' id='word_1_246' title='bbox 705 3131 772 3185; x_wconf 66' lang='lat' dir='ltr'><strong>Mis</strong></span> <span class='ocrx_word' id='word_1_247' title='bbox 827 3136 856 3196; x_wconf 83' lang='grc'><strong>8,</strong></span> <span class='ocrx_word' id='word_1_248' title='bbox 876 3135 923 3194; x_wconf 78' lang='grc'><strong>28,</strong></span> <span class='ocrx_word' id='word_1_249' title='bbox 947 3135 994 3196; x_wconf 87' lang='grc'><strong>68,</strong></span> <span class='ocrx_word' id='word_1_250' title='bbox 1018 3128 1084 3183; x_wconf 84' lang='lat' dir='ltr'><strong>Sall.</strong></span> <span class='ocrx_word' id='word_1_251' title='bbox 1108 3128 1174 3183; x_wconf 85' lang='lat' dir='ltr'><strong>hist.</strong></span> <span class='ocrx_word' id='word_1_252' title='bbox 1194 3135 1224 3196; x_wconf 86' lang='grc'><strong>3,</strong></span> <span class='ocrx_word' id='word_1_253' title='bbox 1248 3135 1264 3182; x_wconf 79' lang='lat'><strong>5</strong></span> <span class='ocrx_word' id='word_1_254' title='bbox 1287 3128 1386 3194; x_wconf 73' lang='lat' dir='ltr'><strong>Maur,</strong></span> 
     </span>
     <span class='ocr_line' id='line_1_32' title="bbox 212 3199 1136 3271; baseline 0 -17"><span class='ocrx_word' id='word_1_255' title='bbox 212 3199 333 3270; x_wconf 87' lang='lat' dir='ltr'><strong>glieder,</strong></span> <span class='ocrx_word' id='word_1_256' title='bbox 357 3201 481 3256; x_wconf 85' lang='lat' dir='ltr'><strong>weshalb</strong></span> <span class='ocrx_word' id='word_1_257' title='bbox 505 3220 528 3256; x_wconf 84' lang='lat' dir='ltr'><strong>a.</strong></span> <span class='ocrx_word' id='word_1_258' title='bbox 547 3203 577 3256; x_wconf 92' lang='lat' dir='ltr'><strong>B.</strong></span> <span class='ocrx_word' id='word_1_259' title='bbox 602 3202 657 3256; x_wconf 85' lang='lat' dir='ltr'><strong>alle</strong></span> <span class='ocrx_word' id='word_1_260' title='bbox 680 3203 772 3257; x_wconf 92' lang='lat' dir='ltr'><strong>Hoch-</strong></span> <span class='ocrx_word' id='word_1_261' title='bbox 827 3201 924 3271; x_wconf 88' lang='lat' dir='ltr'><strong>Vergil</strong></span> <span class='ocrx_word' id='word_1_262' title='bbox 943 3201 1011 3254; x_wconf 87' lang='lat' dir='ltr'><strong>Aen.</strong></span> <span class='ocrx_word' id='word_1_263' title='bbox 1033 3208 1057 3266; x_wconf 91' lang='lat'><strong>1,</strong></span> <span class='ocrx_word' id='word_1_264' title='bbox 1077 3206 1136 3254; x_wconf 72' lang='lat' dir='ltr'><strong>ctu.</strong></span> 
     </span>
    </p>

    <p class='ocr_par' dir='ltr' id='par_1_9' title="bbox 210 3269 1387 3413">
     <span class='ocr_line' id='line_1_33' title="bbox 211 3269 1387 3342; baseline -0.001 -17"><span class='ocrx_word' id='word_1_265' title='bbox 211 3275 447 3342; x_wconf 83' lang='lat' dir='ltr'><strong>verratsproaesse</strong></span> <span class='ocrx_word' id='word_1_266' title='bbox 465 3291 515 3328; x_wconf 88' lang='lat' dir='ltr'><strong>vor</strong></span> <span class='ocrx_word' id='word_1_267' title='bbox 532 3274 592 3327; x_wconf 91' lang='lat' dir='ltr'><strong>ihm</strong></span> <span class='ocrx_word' id='word_1_268' title='bbox 605 3273 772 3328; x_wconf 83' lang='lat' dir='ltr'><strong>verhandelt</strong></span> <span class='ocrx_word' id='word_1_269' title='bbox 864 3278 905 3326; x_wconf 89' lang='lat'><strong>10.</strong></span> <span class='ocrx_word' id='word_1_270' title='bbox 933 3275 959 3327; x_wconf 84' lang='lat' dir='ltr'><strong>si</strong></span> <span class='ocrx_word' id='word_1_271' title='bbox 985 3274 1045 3327; x_wconf 81' lang='lat' dir='ltr'><strong>iure</strong></span> <span class='ocrx_word' id='word_1_272' title='bbox 1074 3276 1127 3325; x_wconf 88' lang='lat' dir='ltr'><strong>cet.</strong></span> <span class='ocrx_word' id='word_1_273' title='bbox 1171 3270 1305 3326; x_wconf 85' lang='lat' dir='ltr'><strong>Derselbe</strong></span> <span class='ocrx_word' id='word_1_274' title='bbox 1334 3269 1387 3324; x_wconf 83' lang='lat' dir='ltr'><strong>Ge-</strong></span> 
     </span>
     <span class='ocr_line' id='line_1_34' title="bbox 210 3343 1387 3413; baseline -0.001 -17"><span class='ocrx_word' id='word_1_275' title='bbox 210 3344 331 3399; x_wconf 83' lang='lat' dir='ltr'><strong>werden.</strong></span> <span class='ocrx_word' id='word_1_276' title='bbox 827 3344 1017 3413; x_wconf 87' lang='lat' dir='ltr'><strong>dankengang</strong></span> <span class='ocrx_word' id='word_1_277' title='bbox 1030 3343 1088 3397; x_wconf 77' lang='lat' dir='ltr'><strong>Lis.</strong></span> <span class='ocrx_word' id='word_1_278' title='bbox 1100 3349 1125 3409; x_wconf 83' lang='lat'><strong>3,</strong></span> <span class='ocrx_word' id='word_1_279' title='bbox 1134 3348 1169 3396; x_wconf 84' lang='grc'><strong>49</strong></span> <span class='ocrx_word' id='word_1_280' title='bbox 1182 3345 1209 3397; x_wconf 90' lang='lat' dir='ltr'><strong>si</strong></span> <span class='ocrx_word' id='word_1_281' title='bbox 1217 3345 1277 3397; x_wconf 86' lang='lat' dir='ltr'><strong>iure</strong></span> <span class='ocrx_word' id='word_1_282' title='bbox 1289 3348 1387 3413; x_wconf 76' lang='lat' dir='ltr'><strong>apua,</strong></span> 
     </span>
    </p>

    <p class='ocr_par' dir='ltr' id='par_1_10' title="bbox 212 3415 1388 3555">
     <span class='ocr_line' id='line_1_35' title="bbox 248 3415 1386 3484; baseline -0.001 -16"><span class='ocrx_word' id='word_1_283' title='bbox 248 3421 271 3469; x_wconf 74' lang='lat' dir='ltr'><strong>t.</strong></span> <span class='ocrx_word' id='word_1_284' title='bbox 304 3416 442 3472; x_wconf 80' lang='lat' dir='ltr'><strong>Laodicia</strong></span> <span class='ocrx_word' id='word_1_285' title='bbox 461 3417 529 3471; x_wconf 87' lang='lat' dir='ltr'><strong>oder</strong></span> <span class='ocrx_word' id='word_1_286' title='bbox 547 3418 700 3484; x_wconf 71' lang='lat' dir='ltr'><strong>Laodicea,</strong></span> <span class='ocrx_word' id='word_1_287' title='bbox 726 3435 772 3469; x_wconf 87' lang='lat' dir='ltr'><strong>am</strong></span> <span class='ocrx_word' id='word_1_288' title='bbox 826 3415 967 3470; x_wconf 81' lang='lat' dir='ltr'><strong>uindicare</strong></span> <span class='ocrx_word' id='word_1_289' title='bbox 991 3433 1019 3470; x_wconf 86' lang='lat' dir='ltr'><strong>ss</strong></span> <span class='ocrx_word' id='word_1_290' title='bbox 1037 3434 1056 3469; x_wconf 90' lang='lat' dir='ltr'><strong>a</strong></span> <span class='ocrx_word' id='word_1_291' title='bbox 1071 3416 1182 3482; x_wconf 82' lang='lat' dir='ltr'><strong>privato</strong></span> <span class='ocrx_word' id='word_1_292' title='bbox 1201 3416 1313 3469; x_wconf 76' lang='lat' dir='ltr'><strong>Icilium</strong></span> <span class='ocrx_word' id='word_1_293' title='bbox 1332 3415 1386 3467; x_wconf 84' lang='lat' dir='ltr'><strong>ais-</strong></span> 
     </span>
     <span class='ocr_line' id='line_1_36' title="bbox 212 3485 1388 3555; baseline -0.003 -14"><span class='ocrx_word' id='word_1_294' title='bbox 212 3486 297 3555; x_wconf 88' lang='lat' dir='ltr'><strong>Meer,</strong></span> <span class='ocrx_word' id='word_1_295' title='bbox 317 3487 427 3542; x_wconf 79' lang='lat' dir='ltr'><strong>sddlich</strong></span> <span class='ocrx_word' id='word_1_296' title='bbox 445 3505 501 3542; x_wconf 82' lang='lat' dir='ltr'><strong>von</strong></span> <span class='ocrx_word' id='word_1_297' title='bbox 518 3488 678 3543; x_wconf 86' lang='lat' dir='ltr'><strong>Antiochia.</strong></span> <span class='ocrx_word' id='word_1_298' title='bbox 827 3489 902 3553; x_wconf 84' lang='lat' dir='ltr'><strong>baut,</strong></span> <span class='ocrx_word' id='word_1_299' title='bbox 924 3488 950 3541; x_wconf 86' lang='lat' dir='ltr'><strong>si</strong></span> <span class='ocrx_word' id='word_1_300' title='bbox 971 3487 1026 3540; x_wconf 83' lang='lat' dir='ltr'><strong>airu</strong></span> <span class='ocrx_word' id='word_1_301' title='bbox 1044 3487 1153 3554; x_wconf 78' lang='lat' dir='ltr'><strong>adferre</strong></span> <span class='ocrx_word' id='word_1_302' title='bbox 1171 3492 1324 3550; x_wconf 80' lang='lat' dir='ltr'><strong>conaretur,</strong></span> <span class='ocrx_word' id='word_1_303' title='bbox 1347 3485 1388 3538; x_wconf 84' lang='lat' dir='ltr'><strong>ibi</strong></span> 
     </span>
    </p>

    <p class='ocr_par' dir='ltr' id='par_1_11' title="bbox 211 3548 1385 3772">
     <span class='ocr_line' id='line_1_37' title="bbox 249 3548 1375 3636; baseline -0.001 -24"><span class='ocrx_word' id='word_1_304' title='bbox 249 3565 290 3613; x_wconf 91' lang='lat'><strong>11.</strong></span> <span class='ocrx_word' id='word_1_305' title='bbox 305 3561 517 3630; x_wconf 80' lang='lat' dir='ltr'><strong>corruptoribus.</strong></span> <span class='ocrx_word' id='word_1_306' title='bbox 535 3548 771 3614; x_wconf 77' lang='lat' dir='ltr'><strong>iiberdenAblat.</strong></span> <span class='ocrx_word' id='word_1_307' title='bbox 826 3575 930 3627; x_wconf 74' lang='lat' dir='ltr'><strong>quicque</strong></span> <span class='ocrx_word' id='word_1_308' title='bbox 946 3575 974 3612; x_wconf 87' lang='lat' dir='ltr'><strong>se</strong></span> <span class='ocrx_word' id='word_1_309' title='bbox 991 3558 1068 3612; x_wconf 83' lang='lat' dir='ltr'><strong>baud</strong></span> <span class='ocrx_word' id='word_1_310' title='bbox 1086 3561 1196 3627; x_wconf 86' lang='lat' dir='ltr'><strong>iupares</strong></span> <span class='ocrx_word' id='word_1_311' title='bbox 1213 3558 1279 3624; x_wconf 77' lang='lat' dir='ltr'><strong>fare.</strong></span> <span class='ocrx_word' id='word_1_312' title='bbox 1369 3627 1375 3636; x_wconf 30' lang='grc'>1</span> 
     </span>
     <span class='ocr_line' id='line_1_38' title="bbox 211 3627 1385 3697; baseline -0.006 -12"><span class='ocrx_word' id='word_1_313' title='bbox 211 3630 392 3697; x_wconf 75' lang='lat' dir='ltr'><strong>instrumenti</strong></span> <span class='ocrx_word' id='word_1_314' title='bbox 415 3647 470 3685; x_wconf 89' lang='lat' dir='ltr'><strong>von</strong></span> <span class='ocrx_word' id='word_1_315' title='bbox 488 3632 731 3686; x_wconf 85' lang='lat' dir='ltr'><strong>Personannamen</strong></span> <span class='ocrx_word' id='word_1_316' title='bbox 750 3649 771 3684; x_wconf 90' lang='lat' dir='ltr'><strong>s.</strong></span> <span class='ocrx_word' id='word_1_317' title='bbox 864 3633 905 3683; x_wconf 82' lang='grc'><strong>18.</strong></span> <span class='ocrx_word' id='word_1_318' title='bbox 925 3630 1069 3684; x_wconf 76' lang='lat' dir='ltr'><strong>ordinibus</strong></span> <span class='ocrx_word' id='word_1_319' title='bbox 1087 3631 1139 3682; x_wconf 88' lang='lat' dir='ltr'><strong>oet.</strong></span> <span class='ocrx_word' id='word_1_320' title='bbox 1164 3631 1236 3682; x_wconf 87' lang='lat' dir='ltr'><strong>statt</strong></span> <span class='ocrx_word' id='word_1_321' title='bbox 1245 3645 1297 3697; x_wconf 88' lang='lat' dir='ltr'><strong>per</strong></span> <span class='ocrx_word' id='word_1_322' title='bbox 1312 3627 1385 3680; x_wconf 80' lang='lat' dir='ltr'><strong>ordr-</strong></span> 
     </span>
     <span class='ocr_line' id='line_1_39' title="bbox 211 3699 1136 3772; baseline -0.003 -16"><span class='ocrx_word' id='word_1_323' title='bbox 211 3702 284 3757; x_wconf 84' lang='lat' dir='ltr'><strong>Einl.</strong></span> <span class='ocrx_word' id='word_1_324' title='bbox 304 3707 319 3768; x_wconf 76' lang='lat'>§</span> <span class='ocrx_word' id='word_1_325' title='bbox 339 3708 372 3757; x_wconf 85' lang='grc'><strong>86</strong></span> <span class='ocrx_word' id='word_1_326' title='bbox 391 3703 450 3756; x_wconf 91' lang='lat' dir='ltr'><strong>und</strong></span> <span class='ocrx_word' id='word_1_327' title='bbox 465 3708 490 3772; x_wconf 85' lang='lat'><strong>6,</strong></span> <span class='ocrx_word' id='word_1_328' title='bbox 509 3710 551 3771; x_wconf 84' lang='lat'><strong>43,</strong></span> <span class='ocrx_word' id='word_1_329' title='bbox 571 3709 595 3757; x_wconf 90' lang='grc'><strong>8.</strong></span> <span class='ocrx_word' id='word_1_330' title='bbox 826 3718 881 3755; x_wconf 86' lang='lat' dir='ltr'><strong>uss.</strong></span> <span class='ocrx_word' id='word_1_331' title='bbox 920 3699 946 3754; x_wconf 87' lang='lat' dir='ltr'><strong>S.</strong></span> <span class='ocrx_word' id='word_1_332' title='bbox 966 3700 1039 3754; x_wconf 81' lang='lat' dir='ltr'><strong>Einl.</strong></span> <span class='ocrx_word' id='word_1_333' title='bbox 1059 3706 1074 3766; x_wconf 63' lang='grc' dir='ltr'>ξ</span> <span class='ocrx_word' id='word_1_334' title='bbox 1094 3705 1136 3754; x_wconf 76' lang='grc'><strong>37.</strong></span> 
     </span>
    </p>

    <p class='ocr_par' dir='ltr' id='par_1_12' title="bbox 212 3771 1387 4055">
     <span class='ocr_line' id='line_1_40' title="bbox 248 3771 1387 3844; baseline -0.008 -14"><span class='ocrx_word' id='word_1_335' title='bbox 248 3780 289 3830; x_wconf 82' lang='grc'><strong>13.</strong></span> <span class='ocrx_word' id='word_1_336' title='bbox 305 3776 484 3844; x_wconf 79' lang='lat' dir='ltr'><strong>imperaturis.</strong></span> <span class='ocrx_word' id='word_1_337' title='bbox 500 3774 538 3827; x_wconf 87' lang='lat' dir='ltr'><strong>Er</strong></span> <span class='ocrx_word' id='word_1_338' title='bbox 547 3773 771 3840; x_wconf 87' lang='lat' dir='ltr'><strong>erinnertdaran,</strong></span> <span class='ocrx_word' id='word_1_339' title='bbox 864 3777 905 3826; x_wconf 81' lang='lat'><strong>14.</strong></span> <span class='ocrx_word' id='word_1_340' title='bbox 932 3773 996 3826; x_wconf 81' lang='lat' dir='ltr'><strong>hius</strong></span> <span class='ocrx_word' id='word_1_341' title='bbox 1018 3773 1149 3838; x_wconf 81' lang='lat' dir='ltr'><strong>militum,</strong></span> <span class='ocrx_word' id='word_1_342' title='bbox 1177 3771 1242 3825; x_wconf 83' lang='lat' dir='ltr'><strong>iude</strong></span> <span class='ocrx_word' id='word_1_343' title='bbox 1268 3771 1387 3825; x_wconf 82' lang='lat' dir='ltr'><strong>locorum</strong></span> 
     </span>
     <span class='ocr_line' id='line_1_41' title="bbox 213 3839 1387 3913; baseline -0.006 -14"><span class='ocrx_word' id='word_1_344' title='bbox 213 3845 268 3899; x_wconf 79' lang='lat' dir='ltr'><strong>dass</strong></span> <span class='ocrx_word' id='word_1_345' title='bbox 287 3845 347 3899; x_wconf 88' lang='lat' dir='ltr'><strong>ihre</strong></span> <span class='ocrx_word' id='word_1_346' title='bbox 362 3845 451 3900; x_wconf 87' lang='lat' dir='ltr'><strong>Sache</strong></span> <span class='ocrx_word' id='word_1_347' title='bbox 466 3846 512 3899; x_wconf 90' lang='lat' dir='ltr'><strong>die</strong></span> <span class='ocrx_word' id='word_1_348' title='bbox 527 3847 575 3901; x_wconf 84' lang='lat' dir='ltr'><strong>des</strong></span> <span class='ocrx_word' id='word_1_349' title='bbox 591 3844 705 3899; x_wconf 86' lang='lat' dir='ltr'><strong>Kaisers</strong></span> <span class='ocrx_word' id='word_1_350' title='bbox 722 3845 771 3898; x_wconf 90' lang='lat' dir='ltr'><strong>sei.</strong></span> <span class='ocrx_word' id='word_1_351' title='bbox 826 3846 961 3913; x_wconf 73' lang='lat' dir='ltr'><strong>asperitas</strong></span> <span class='ocrx_word' id='word_1_352' title='bbox 989 3843 1063 3897; x_wconf 82' lang='lat' dir='ltr'><strong>‘hier</strong></span> <span class='ocrx_word' id='word_1_353' title='bbox 1089 3843 1135 3896; x_wconf 91' lang='lat' dir='ltr'><strong>die</strong></span> <span class='ocrx_word' id='word_1_354' title='bbox 1164 3839 1387 3910; x_wconf 79' lang='lat' dir='ltr'><strong>Schwterigkeit,</strong></span> 
     </span>
     <span class='ocr_line' id='line_1_42' title="bbox 212 3902 1387 3987; baseline -0.005 -18"><span class='ocrx_word' id='word_1_355' title='bbox 212 3902 331 3970; x_wconf 78' lang='lat' dir='ltr'><strong>-Cber</strong></span> <span class='ocrx_word' id='word_1_356' title='bbox 345 3917 391 3970; x_wconf 87' lang='lat' dir='ltr'><strong>die</strong></span> <span class='ocrx_word' id='word_1_357' title='bbox 405 3918 638 3986; x_wconf 83' lang='lat' dir='ltr'><strong>Bedeutungvon</strong></span> <span class='ocrx_word' id='word_1_358' title='bbox 652 3918 773 3987; x_wconf 83' lang='lat' dir='ltr'><strong>iuperere</strong></span> <span class='ocrx_word' id='word_1_359' title='bbox 827 3915 932 3969; x_wconf 86' lang='lat' dir='ltr'><strong>welche</strong></span> <span class='ocrx_word' id='word_1_360' title='bbox 979 3915 1029 3969; x_wconf 84' lang='lat' dir='ltr'><strong>der</strong></span> <span class='ocrx_word' id='word_1_361' title='bbox 1069 3913 1184 3979; x_wconf 80' lang='lat' dir='ltr'><strong>Soldct,</strong></span> <span class='ocrx_word' id='word_1_362' title='bbox 1231 3913 1295 3966; x_wconf 85' lang='lat' dir='ltr'><strong>dort</strong></span> <span class='ocrx_word' id='word_1_363' title='bbox 1341 3910 1387 3964; x_wconf 89' lang='lat' dir='ltr'><strong>dis</strong></span> 
     </span>
     <span class='ocr_line' id='line_1_43' title="bbox 212 3981 1387 4055; baseline -0.006 -14"><span class='ocrx_word' id='word_1_364' title='bbox 212 4005 233 4041; x_wconf 90' lang='lat' dir='ltr'><strong>s.</strong></span> <span class='ocrx_word' id='word_1_365' title='bbox 253 4004 287 4042; x_wconf 79' lang='lat' dir='ltr'><strong>nu</strong></span> <span class='ocrx_word' id='word_1_366' title='bbox 307 3995 331 4055; x_wconf 88' lang='lat'><strong>1,</strong></span> <span class='ocrx_word' id='word_1_367' title='bbox 351 3993 393 4045; x_wconf 75' lang='lat' dir='ltr'><strong>ts.</strong></span> <span class='ocrx_word' id='word_1_368' title='bbox 828 3985 1051 4055; x_wconf 85' lang='lat' dir='ltr'><strong>Schwierigkeit,</strong></span> <span class='ocrx_word' id='word_1_369' title='bbox 1065 3985 1172 4040; x_wconf 87' lang='lat' dir='ltr'><strong>welche</strong></span> <span class='ocrx_word' id='word_1_370' title='bbox 1191 3985 1241 4038; x_wconf 85' lang='lat' dir='ltr'><strong>das</strong></span> <span class='ocrx_word' id='word_1_371' title='bbox 1260 3981 1387 4036; x_wconf 78' lang='lat' dir='ltr'><strong>Geltnde</strong></span> 
     </span>
    </p>

    <p class='ocr_par' dir='ltr' id='par_1_13' title="bbox 211 4054 1387 4199">
     <span class='ocr_line' id='line_1_44' title="bbox 249 4054 1387 4127; baseline -0.004 -16"><span class='ocrx_word' id='word_1_372' title='bbox 249 4056 298 4113; x_wconf 83' lang='lat'><strong>80.</strong></span> <span class='ocrx_word' id='word_1_373' title='bbox 323 4063 347 4113; x_wconf 81' lang='grc'><strong>8.</strong></span> <span class='ocrx_word' id='word_1_374' title='bbox 373 4058 534 4127; x_wconf 70' lang='grc' dir='ltr'><strong>θεῑεηάἔνίε,</strong></span> <span class='ocrx_word' id='word_1_375' title='bbox 552 4060 591 4113; x_wconf 89' lang='lat' dir='ltr'><strong>im</strong></span> <span class='ocrx_word' id='word_1_376' title='bbox 607 4057 708 4112; x_wconf 82' lang='lat' dir='ltr'><strong>Gebiet</strong></span> <span class='ocrx_word' id='word_1_377' title='bbox 723 4058 772 4112; x_wconf 86' lang='lat' dir='ltr'><strong>des</strong></span> <span class='ocrx_word' id='word_1_378' title='bbox 827 4058 887 4111; x_wconf 88' lang='lat' dir='ltr'><strong>bot&#39;</strong></span> <span class='ocrx_word' id='word_1_379' title='bbox 917 4090 951 4098; x_wconf 94' lang='lat'><em>-</em></span> <span class='ocrx_word' id='word_1_380' title='bbox 980 4058 1025 4111; x_wconf 89' lang='lat' dir='ltr'><strong>ein</strong></span> <span class='ocrx_word' id='word_1_381' title='bbox 1052 4057 1147 4111; x_wconf 80' lang='lat' dir='ltr'><strong>hastas</strong></span> <span class='ocrx_word' id='word_1_382' title='bbox 1175 4056 1305 4123; x_wconf 83' lang='lat' dir='ltr'><strong>Zeugma.</strong></span> <span class='ocrx_word' id='word_1_383' title='bbox 1347 4054 1387 4107; x_wconf 90' lang='lat' dir='ltr'><strong>Zu</strong></span> 
     </span>
     <span class='ocr_line' id='line_1_45' title="bbox 211 4125 1386 4199; baseline -0.004 -16"><span class='ocrx_word' id='word_1_384' title='bbox 211 4128 373 4185; x_wconf 84' lang='lat' dir='ltr'><strong>Archelaos.</strong></span> <span class='ocrx_word' id='word_1_385' title='bbox 828 4131 946 4184; x_wconf 64' lang='lat' dir='ltr'><strong>marum</strong></span> <span class='ocrx_word' id='word_1_386' title='bbox 978 4131 1112 4199; x_wconf 76' lang='lat' dir='ltr'><strong>asperitas</strong></span> <span class='ocrx_word' id='word_1_387' title='bbox 1138 4126 1194 4197; x_wconf 85' lang='lat' dir='ltr'><strong>vgl.</strong></span> <span class='ocrx_word' id='word_1_388' title='bbox 1224 4125 1290 4181; x_wconf 83' lang='lat' dir='ltr'><strong>Sall.</strong></span> <span class='ocrx_word' id='word_1_389' title='bbox 1322 4125 1386 4194; x_wconf 88' lang='lat' dir='ltr'><strong>Jug.</strong></span> 
     </span>
    </p>

    <p class='ocr_par' dir='ltr' id='par_1_14' title="bbox 212 4198 1387 4414">
     <span class='ocr_line' id='line_1_46' title="bbox 248 4198 1387 4271; baseline -0.004 -16"><span class='ocrx_word' id='word_1_390' title='bbox 248 4207 272 4255; x_wconf 77' lang='grc' dir='ltr'><strong>ὀ.</strong></span> <span class='ocrx_word' id='word_1_391' title='bbox 292 4202 323 4255; x_wconf 88' lang='lat' dir='ltr'><strong>iu</strong></span> <span class='ocrx_word' id='word_1_392' title='bbox 337 4201 501 4257; x_wconf 81' lang='lat' dir='ltr'><strong>bezeichnet</strong></span> <span class='ocrx_word' id='word_1_393' title='bbox 520 4201 566 4256; x_wconf 88' lang='lat' dir='ltr'><strong>die</strong></span> <span class='ocrx_word' id='word_1_394' title='bbox 585 4202 606 4254; x_wconf 90' lang='lat' dir='ltr'><strong>F</strong></span> <span class='ocrx_word' id='word_1_395' title='bbox 608 4201 681 4271; x_wconf 86' lang='lat' dir='ltr'><strong>olge,</strong></span> <span class='ocrx_word' id='word_1_396' title='bbox 700 4201 772 4256; x_wconf 85' lang='lat' dir='ltr'><strong>also:</strong></span> <span class='ocrx_word' id='word_1_397' title='bbox 829 4206 871 4266; x_wconf 76' lang='lat'><strong>75,</strong></span> <span class='ocrx_word' id='word_1_398' title='bbox 887 4206 920 4254; x_wconf 86' lang='lat'><strong>10</strong></span> <span class='ocrx_word' id='word_1_399' title='bbox 935 4203 984 4269; x_wconf 76' lang='lat' dir='ltr'><strong>qui</strong></span> <span class='ocrx_word' id='word_1_400' title='bbox 997 4202 1045 4270; x_wconf 87' lang='lat' dir='ltr'><strong>(sc.</strong></span> <span class='ocrx_word' id='word_1_401' title='bbox 1060 4200 1206 4269; x_wconf 68' lang='lat' dir='ltr'><strong>oppidoue)</strong></span> <span class='ocrx_word' id='word_1_402' title='bbox 1220 4215 1247 4253; x_wconf 87' lang='lat' dir='ltr'><strong>sa</strong></span> <span class='ocrx_word' id='word_1_403' title='bbox 1268 4198 1387 4252; x_wconf 84' lang='lat' dir='ltr'><strong>locorum</strong></span> 
     </span>
     <span class='ocr_line' id='line_1_47' title="bbox 213 4270 1310 4341; baseline -0.003 -16"><span class='ocrx_word' id='word_1_404' title='bbox 213 4288 243 4325; x_wconf 89' lang='lat' dir='ltr'><strong>sc</strong></span> <span class='ocrx_word' id='word_1_405' title='bbox 271 4272 327 4326; x_wconf 81' lang='lat' dir='ltr'><strong>dass</strong></span> <span class='ocrx_word' id='word_1_406' title='bbox 355 4273 395 4327; x_wconf 87' lang='lat' dir='ltr'><strong>sie</strong></span> <span class='ocrx_word' id='word_1_407' title='bbox 423 4275 474 4328; x_wconf 87' lang='lat' dir='ltr'><strong>der</strong></span> <span class='ocrx_word' id='word_1_408' title='bbox 500 4272 569 4326; x_wconf 81' lang='lat' dir='ltr'><strong>Zahl</strong></span> <span class='ocrx_word' id='word_1_409' title='bbox 596 4273 668 4326; x_wconf 86' lang='lat' dir='ltr'><strong>nach</strong></span> <span class='ocrx_word' id='word_1_410' title='bbox 697 4273 774 4327; x_wconf 87' lang='lat' dir='ltr'><strong>siner</strong></span> <span class='ocrx_word' id='word_1_411' title='bbox 828 4273 974 4341; x_wconf 80' lang='lat' dir='ltr'><strong>asperitate</strong></span> <span class='ocrx_word' id='word_1_412' title='bbox 992 4273 1112 4326; x_wconf 82' lang='lat' dir='ltr'><strong>ruuuitos</strong></span> <span class='ocrx_word' id='word_1_413' title='bbox 1129 4270 1310 4326; x_wconf 77' lang='lat' dir='ltr'><strong>crediderant.</strong></span> 
     </span>
     <span class='ocr_line' id='line_1_48' title="bbox 212 4340 1386 4414; baseline -0.003 -18"><span class='ocrx_word' id='word_1_414' title='bbox 212 4343 319 4414; x_wconf 87' lang='lat' dir='ltr'><strong>Legion</strong></span> <span class='ocrx_word' id='word_1_415' title='bbox 337 4343 541 4414; x_wconf 81' lang='lat' dir='ltr'><strong>gleichlramen.</strong></span> <span class='ocrx_word' id='word_1_416' title='bbox 866 4350 907 4397; x_wconf 85' lang='grc'><strong>18.</strong></span> <span class='ocrx_word' id='word_1_417' title='bbox 936 4345 968 4397; x_wconf 88' lang='lat' dir='ltr'><strong>iu</strong></span> <span class='ocrx_word' id='word_1_418' title='bbox 986 4346 1057 4397; x_wconf 90' lang='lat' dir='ltr'><strong>statt</strong></span> <span class='ocrx_word' id='word_1_419' title='bbox 1080 4343 1126 4408; x_wconf 83' lang='lat' dir='ltr'><strong>ad,</strong></span> <span class='ocrx_word' id='word_1_420' title='bbox 1145 4342 1198 4394; x_wconf 85' lang='lat' dir='ltr'><strong>wie</strong></span> <span class='ocrx_word' id='word_1_421' title='bbox 1217 4340 1283 4395; x_wconf 89' lang='lat' dir='ltr'><strong>hist.</strong></span> <span class='ocrx_word' id='word_1_422' title='bbox 1308 4346 1334 4406; x_wconf 84' lang='lat'><strong>4,</strong></span> <span class='ocrx_word' id='word_1_423' title='bbox 1354 4345 1386 4392; x_wconf 79' lang='lat' dir='ltr'><strong>‘r&#39;l</strong></span> 
     </span>
    </p>

    <p class='ocr_par' dir='ltr' id='par_1_15' title="bbox 250 4413 1387 4484">
     <span class='ocr_line' id='line_1_49' title="bbox 250 4413 1387 4484; baseline -0.004 -16"><span class='ocrx_word' id='word_1_424' title='bbox 250 4420 273 4469; x_wconf 77' lang='lat'><strong>7.</strong></span> <span class='ocrx_word' id='word_1_425' title='bbox 301 4417 391 4471; x_wconf 82' lang='lat' dir='ltr'><strong>accitu</strong></span> <span class='ocrx_word' id='word_1_426' title='bbox 409 4415 495 4470; x_wconf 89' lang='lat' dir='ltr'><strong>schon</strong></span> <span class='ocrx_word' id='word_1_427' title='bbox 513 4415 559 4468; x_wconf 83' lang='lat' dir='ltr'><strong>bei</strong></span> <span class='ocrx_word' id='word_1_428' title='bbox 578 4415 674 4471; x_wconf 84' lang='lat' dir='ltr'><strong>Cicero</strong></span> <span class='ocrx_word' id='word_1_429' title='bbox 692 4416 770 4470; x_wconf 85' lang='lat' dir='ltr'><strong>Verr.</strong></span> <span class='ocrx_word' id='word_1_430' title='bbox 825 4415 898 4468; x_wconf 89' lang='lat' dir='ltr'><strong>nach</strong></span> <span class='ocrx_word' id='word_1_431' title='bbox 924 4413 990 4469; x_wconf 84' lang='lat' dir='ltr'><strong>Sall.</strong></span> <span class='ocrx_word' id='word_1_432' title='bbox 1018 4415 1082 4484; x_wconf 87' lang='lat' dir='ltr'><strong>Jug.</strong></span> <span class='ocrx_word' id='word_1_433' title='bbox 1102 4418 1135 4467; x_wconf 84' lang='grc'><strong>88</strong></span> <span class='ocrx_word' id='word_1_434' title='bbox 1165 4413 1330 4484; x_wconf 58' lang='lat' dir='ltr'><strong>Iapudiam</strong></span> <span class='ocrx_word' id='word_1_435' title='bbox 1355 4413 1387 4464; x_wconf 83' lang='lat' dir='ltr'><strong>iu</strong></span> 
     </span>
    </p>
   </div>
   <div class='ocr_carea' id='block_1_5' title="bbox 0 0 1550 4834">
    <p class='ocr_par' dir='ltr' id='par_1_16' title="bbox 0 0 1550 4834">
     <span class='ocr_line' id='line_1_50' title="bbox 0 0 1550 4834; baseline 0 0"><span class='ocrx_word' id='word_1_436' title='bbox 0 0 1550 4834; x_wconf 95' lang='lat' dir='ltr'><strong> </strong></span> 
     </span>
    </p>
   </div>
  </div>
 </body>
</html>
