3092 4834
198 224 265 288 216
346 225 377 280 P.
397 224 568 282 CORNELII
587 224 710 281 TACITI
728 225 776 279 AB
795 224 958 281 EXCESSU
976 226 1055 282 DIVI
1072 226 1232 283 AUGUSTI

201 388 295 452 nulla
316 388 352 452 in
375 410 412 453 eo
432 389 528 473 culpa
551 411 589 453 ex
607 390 767 474 principer
790 391 869 474 quin
886 389 1114 455 infecunditati
1131 394 1293 454 terrarum
1317 395 1381 455 aut

202 477 326 560 asperis
362 478 461 541 maris
498 478 627 543 obviam
663 479 715 556 iit,
747 482 905 563 quantum
942 478 1106 563 impendio
1143 478 1381 564 diligentiaque

198 568 339 648 poterat.
390 570 423 630 et
454 587 495 630 ne
522 566 709 649 provinciae
735 567 829 632 novis
857 567 1010 632 oneribus
1038 569 1247 632 turbarentur
1275 570 1380 651 utque

146 668 181 716 20
201 658 310 717 vetera
340 654 409 718 sine
438 655 577 719 avaritia
605 659 661 719 aut
689 655 880 720 crudelitate
908 657 1160 741 magistratuum
1187 656 1380 740 tolerarent,

198 741 402 825 providebat,
431 765 604 828 corporum
628 745 774 825 verbera,
798 744 1020 828 ademptiones
1044 744 1204 809 bonorum
1228 745 1379 812 aberant.

197 829 265 894 rari
287 851 345 914 per
368 830 501 895 Italiam
525 830 676 897 Caesaris
700 833 781 916 agri,
804 833 951 897 modesta
978 833 1120 914 servItia,
1142 832 1230 896 intra
1252 854 1378 916 paucos

196 919 332 983 libertos
356 919 484 1003 domus3
513 942 550 984 ac
574 921 602 983 si
627 921 757 1005 quando
781 941 853 985 cum
875 922 1015 1005 privatis
1039 921 1243 1005 disceptaret,
1266 921 1378 986 forum

198 1011 231 1071 et
253 1006 313 1071 ius.

158 1096 176 1157 l
286 1095 375 1171 Quae
403 1102 519 1161 cuncta
545 1118 611 1161 non
634 1098 764 1182 quidem
788 1098 872 1163 comi
895 1098 962 1181 via,
985 1098 1042 1162 sed
1065 1097 1215 1163 horridus
1244 1118 1282 1162 ao
1309 1099 1377 1182 ple·

196 1206 332 1268 rumque
359 1184 566 1268 formidatus,
590 1186 754 1251 retinebat
781 1192 904 1270 tamen,
927 1187 1027 1251 donec
1053 1190 1158 1250 morte
1182 1185 1282 1251 Drusi
1306 1208 1375 1251 ver-

196 1277 350 1339 terentur.
391 1295 468 1338 nam
487 1274 563 1338 dum
583 1275 753 1360 superfuit,
773 1297 930 1361 mansere,
948 1275 1024 1358 quia
1044 1272 1179 1339 Seianus
1198 1276 1374 1359 incipiente

197 1362 301 1427 adhuc
315 1363 464 1446 potentia
478 1362 572 1427 bonis
591 1364 737 1428 consiliis
756 1367 925 1429 notescere
943 1364 1072 1428 volebat
1091 1367 1124 1427 et
1143 1362 1232 1428 ultor
1250 1367 1375 1428 metue-

161 1450 294 1515 abatur
326 1472 393 1516 nou
426 1452 571 1516 occultus
606 1452 684 1537 odii,
714 1451 771 1517 sed
804 1453 916 1518 crebro
950 1472 1088 1535 querens
1120 1452 1275 1516 incolumi
1305 1452 1374 1516 filio

197 1538 378 1604 adiutorem
409 1540 540 1624 imperii
572 1541 671 1606 alium
698 1540 817 1605 vocari.
868 1545 901 1604 et
932 1544 1091 1624 quantum
1124 1561 1305 1625 superesse,
1338 1546 1376 1605 ut

197 1627 323 1712 collega
351 1628 500 1693 dicatur?
550 1629 673 1712 primas
701 1627 891 1693 dominandi
923 1650 997 1713 spes
1029 1630 1063 1693 in
1092 1628 1206 1694 arduo:
1241 1628 1297 1693 ubi
1329 1630 1375 1693 sis

196 1716 376 1800 ingressus,
404 1718 516 1782 adesse
545 1717 652 1781 studia
680 1722 713 1782 et
741 1717 919 1782 ministros.
971 1721 1135 1782 exstructa
1163 1717 1229 1782 iam
1258 1721 1378 1801 sponte

195 1805 352 1887 praefecti
380 1809 501 1884 castra,
524 1805 618 1870 datos
645 1806 679 1870 in
707 1828 840 1870 manum
868 1806 1001 1889 milites,
1025 1807 1112 1871 cerni
1139 1805 1281 1890 effigiem
1305 1806 1376 1870 eius

144 1909 178 1956 10
197 1894 231 1956 in
254 1893 463 1958 monimentis
483 1891 541 1959 Gn.
559 1893 706 1978 Pompei,
730 1916 919 1959 communes
943 1894 993 1958 illi
1016 1916 1090 1959 cum
1108 1893 1234 1959 familia
1253 1893 1378 1959 Druso-

196 2003 269 2046 rum
297 1981 367 2046 fore
396 1986 542 2065 nepotes.
588 1983 782 2065 precandam
805 1986 882 2066 post
907 1982 988 2047 haee
1011 1983 1216 2066 modestiam,
1240 1986 1277 2047 ut
1300 2004 1376 2046 oon·

197 2072 308 2133 tentus
333 2073 427 2135 esset.
467 2092 572 2155 neque
595 2093 668 2136 raro
687 2093 791 2156 neque
815 2071 900 2155 apud
920 2092 1042 2155 paucos
1065 2071 1146 2135 talia
1169 2070 1320 2155 iaciebat,
1342 2075 1378 2135 et

198 2162 323 2221 secreta
346 2178 474 2242 quoque
497 2160 566 2223 eius
590 2163 742 2245 corrupta
765 2180 865 2225 uxore
887 2160 1118 2243 prodebantur.

159 2247 199 2310 8v
288 2245 394 2330 Igitur
421 2245 556 2312 Seianus
588 2249 816 2314 maturandum
848 2251 938 2312 ratus
967 2248 1083 2331 deligit
1109 2269 1282 2331 venenum,
1311 2269 1376 2332 quo

199 2404 279 2458 sonet
296 2402 468 2459 dichterisoh
486 2405 543 2459 und
562 2403 602 2458 im
619 2403 761 2459 silbernen
814 2404 895 2474 pejus
927 2404 1017 2459 durch
1048 2404 1125 2458 aeine
1157 2402 1277 2472 Euergie
1311 2402 1376 2457 dem

199 2473 309 2529 Latein.
815 2476 905 2529 Fauor
919 2474 1035 2529 Einhalt
1052 2475 1167 2542 gethan.
1184 2505 1215 2513 —
1231 2475 1307 2529 cerat
1321 2473 1376 2527 ‘sei

235 2550 278 2600 22.
314 2547 433 2602 modeste
460 2548 581 2602 servitia.
626 2547 761 2601 modestus
815 2565 848 2599 zu
859 2545 966 2613 sehen',
978 2546 1010 2599 cf.
1018 2550 1333 2615 eptapecterenteacp.
1341 2549 1375 2599 22

198 2631 264 2672 som
282 2615 408 2672 Besitner
425 2618 477 2671 auf
494 2618 549 2672 den
566 2616 660 2671 Besitz
678 2616 760 2671 fiber·
814 2618 1003 2683 canebantur,
1022 2622 1048 2684 2,
1067 2621 1100 2671 33
1119 2617 1225 2684 referri,
1245 2622 1270 2684 3,
1287 2618 1322 2669 58
1335 2632 1376 2670 re-

198 2692 306 2758 tragen.
339 2688 468 2742 'liberius
481 2688 572 2757 zeigte
592 2688 641 2742 das
655 2686 760 2742 Gaffihl
810 2688 902 2757 periri
920 2687 977 2740 und
996 2686 1076 2742 diter.

198 2759 244 2812 fur
258 2759 309 2813 das
322 2758 419 2813 rechte
433 2758 507 2814 Mass
521 2760 551 2813 in
565 2757 760 2813 (1338213333-
852 2765 893 2813 11.
916 2764 1038 2829 nepotes,
1064 2757 1129 2812 weil
1155 2755 1284 2812 Tiberius
1313 2755 1376 2811 eine

198 2829 328 2898 haltung.
374 2829 436 2883 Wir
456 2847 551 2899 sagon
578 2831 662 2884 auch:
693 2828 760 2882 ‘be-
815 2828 939 2883 Toehter
957 2828 1006 2881 des
1021 2827 1106 2897 Sejan
1124 2826 1170 2881 fur
1187 2826 1303 2895 Drusus,
1322 2827 1377 2881 den

200 2898 365 2954 scheidencr
378 2899 611 2955 Sklarenbesita'.
631 2931 665 2940 —
683 2901 761 2954 satra
816 2899 893 2954 Sohn
906 2899 956 2952 des
972 2898 1111 2966 Claudius,
1127 2898 1274 2954 bestimmt
1285 2899 1375 2953 hatto.

202 2969 384 3024 ‘besohr'ankt
402 2971 472 3024 auf’.
500 2971 564 3038 Vgl.
580 2976 605 3037 3,
621 2976 654 3024 ‘12
673 2987 762 3025 meum
816 2969 880 3038 Vgl.
895 2988 929 3024 zu
944 2975 970 3037 3,
984 2975 1026 3025 29.
1047 3000 1079 3009 -
1096 2971 1377 3039 precandum-mo-

199 3041 277 3094 intro
299 3042 442 3107 damnem
466 3038 541 3095 Ourt.
567 3042 761 3109 7,1,25ea2
815 3042 930 3096 destium
957 3057 996 3095 so.
1024 3039 1126 3095 Seiano
1153 3041 1244 3108 (nieht
1270 3040 1376 3107 Seiani,

200 3127 266 3164 nom
295 3111 422 3210 Ptelptos
448 3127 553 3191 qaoque
579 3112 657 3166 intra
679 3112 762 3167 cerba
815 3111 888 3165 auch
902 3109 981 3165 nieht
994 3112 1072 3193 deum
1087 3111 1265 3180 Modeste'cm)
1279 3111 1375 3176 aeas,

196 3181 763 3324 peppaffirernprlppptdpnprppnjuffliv
815 3182 1377 3321 Iddudeb’oddudqudwdtwpddddnddienfdcotdd

201 3340 223 3377 3.
242 3341 276 3377 nu
295 3329 320 3389 3,
339 3328 382 3378 69.
815 3325 947 3379 itinerum
954 3324 1376 3393 epatie'eeqeitemedsepueretar,

239 3394 266 3450 7.
287 3400 311 3451 l.
329 3395 460 3451 horridus
481 3394 676 3451 'abstossendz
818 3394 881 3448 Sen.
901 3396 989 3449 contr.
1009 3398 1052 3461 25,
1067 3399 1083 3447 2
1097 3400 1129 3449 ut
1142 3394 1221 3449 salec
1232 3395 1378 3463 provincio

236 3470 262 3520 t
281 3471 422 3532 notescere,
436 3469 495 3522 erst
507 3465 538 3520 in
551 3468 605 3521 den
619 3466 762 3533 Annalem
816 3467 863 3532 set,
876 3470 997 3535 optemus
1006 3465 1140 3519 maeteici
1149 3466 1249 3519 bouem
1257 3471 1376 3520 meatem

201 3539 281 3592 sonat
294 3535 473 3594 dichteriseh.
489 3567 522 3578 -
536 3539 619 3607 ultor,
637 3538 763 3592 u'amlioh
816 3536 1008 3591 Mensohliohe
1017 3534 1115 3590 Macht
1128 3536 1233 3591 konnte
1248 3535 1293 3590 die
1307 3534 1378 3589 Hof-

200 3607 313 3662 Drusus.
817 3607 874 3661 fert
896 3607 945 3661 des
969 3606 1085 3675 Sejanus
1107 3604 1187 3660 nicht
1209 3607 1289 3661 mehr
1311 3605 1377 3660 ben-

237 3684 262 3734 5.
281 3680 403 3736 occultes
420 3677 475 3734 mit
488 3680 550 3734 dem
567 3677 686 3736 Genetir
699 3676 762 3734 hier
816 3676 902 3747 digen
916 3707 951 3718 -
965 3692 996 3732 so
1010 3678 1090 3732 hatte
1108 3676 1157 3731 itm
1172 3674 1300 3731 Tiberius
1318 3691 1377 3732 ver·

201 3750 260 3805 und
279 3758 304 3818 6,
323 3756 357 3806 36
375 3751 494 3806 consilii.
816 3750 920 3803 wdhnt.
947 3749 1008 3803 Nur
1022 3747 1068 3802 die
1082 3746 1183 3802 Gotter
1196 3747 1378 3802 vermoohten

238 3828 262 3878 7.
281 3823 314 3876 in
332 3823 422 3877 arduo
441 3820 569 3891 ‘zeigten
588 3820 670 3875 einen
688 3820 762 3890 Weg
816 3819 867 3873 ihn
880 3818 1079 3887 nurLoyalittt
1092 3818 1149 3871 und
1160 3817 1378 3887 BotmtssiglreIt

200 3892 311 3962 (darum
324 3895 355 3947 in
389 3895 473 3961 33333)
491 3892 544 3946 mit
558 3891 654 3946 steiler
667 3892 759 3946 Hdhe'
817 3889 866 3944 des
884 3888 1081 3943 Unterthauen
1099 3890 1249 3958 (modestia,
1269 3906 1291 3943 s.
1312 3897 1336 3959 1,
1350 3891 1377 3957 9)

201 3964 228 4016 d.
239 3963 266 4017 h.
283 3963 350 4017 ‘stie
360 3967 412 4018 'sen
427 3964 478 4017 auf
489 3961 763 4032 Schwierigkeiten'‚
816 3960 1063 4015 zuruckzufuhren.

200 4030 379 4101 vgl.12,15
401 4051 453 4090 aec
474 4035 532 4102 fait
554 4035 587 4089 ie
609 4035 698 4089 arduo
720 4048 762 4088 3ο-
854 4037 895 4085 12.
917 4037 943 4087 et
961 4061 994 4070 —
1012 4047 1128 4100 qaoque,
1153 4029 1207 4087 wie
1228 4037 1273 4099 13,
1297 4035 1332 4084 35
1355 4036 1379 4085 et

201 4105 285 4158 333333
303 4109 348 4159 ott.
817 4103 896 4156 aetia
927 4117 1031 4170 qaoque
1057 4101 1142 4170 fidae,
1172 4107 1206 4155 56
1233 4108 1259 4156 et
1285 4102 1379 4157 3333333

237 4179 262 4227 8.
281 4160 358 4227 Uber
375 4181 469 4243 sponte
490 4176 543 4229 mit
561 4176 625 4229 dem
644 4172 762 4228 Genetiv
817 4188 929 4242 queque,
948 4170 1013 4226 hist.
1033 4179 1062 4241 1,
1081 4178 1115 4227 30
1134 4176 1159 4226 et
1176 4172 1253 4227 Nero
1276 4189 1379 4242 quoque

202 4261 223 4296 3.
243 4262 276 4296 zu
294 4249 319 4310 2,
339 4247 382 4296 59.
817 4259 864 4297 eos
890 4243 1022 4297 destituit.
1067 4242 1160 4296 Sohou
1186 4243 1233 4296 bei
1258 4241 1315 4297 Cic.
1344 4243 1378 4295 de

239 4320 264 4368 9.
288 4314 369 4365 Naoh
393 4318 423 4378 3,
448 4318 481 4367 ’12
504 4315 584 4369 hatte
609 4315 694 4385 Sejan
716 4313 763 4369 bei
818 4313 902 4366 domo
923 4330 974 4366 sua
988 4318 1031 4381 18,
1045 4318 1079 4367 47
1098 4313 1229 4381 quonium
1243 4314 1301 4367 iem
1318 4314 1378 4368 dio-

203 4386 267 4439 dem
282 4382 391 4436 Brande
406 4383 455 4437 (133
469 4383 604 4439 Theaters
619 4384 668 4440 des
681 4384 763 4440 Pom·
818 4384 928 4439 lecticas
946 4399 973 4438 33
991 4389 1017 4439 et
1034 4384 1100 4439 doec
1119 4398 1223 4453 qaoque
1241 4384 1348 4454 ltquris.
