3092 4834
209 187 274 252 120
359 187 388 241 Ρ.
409 186 578 241 CORNELII
597 186 718 242 TACITI
735 188 784 241 AB
803 187 965 242 Excusso
983 188 1060 242 DIVI
1077 189 1237 244 AUGUSTI

207 352 275 434 bat3
299 348 395 415 simul
417 352 554 416 maiores
577 352 640 415 mei
663 354 846 416 meruerant
869 355 906 416 ut
929 357 1077 435 posteros
1099 353 1263 419 habereut.
1307 376 1384 419 nam

207 461 281 524 ego,
306 439 361 523 qui
385 462 449 504 non
472 441 654 524 pecuniam,
677 462 743 504 non
767 440 873 505 studia
896 442 1009 525 populi
1031 464 1135 525 neque
1158 442 1384 527 eloquentiam,

204 528 324 616 gentile
344 529 458 594 domus
477 533 607 594 nostrae
631 530 762 614 bonum,
786 531 940 596 varietate
961 535 1142 615 temporum
1166 533 1309 616 accipere
1331 532 1384 596 vel

204 640 317 704 parare
339 620 528 702 potuissem,
552 619 631 683 satis
654 618 823 703 habebam,
847 620 875 683 si
897 625 1011 685 tenues
1034 641 1085 684 res
1109 644 1197 685 meae
1220 644 1280 688 nec
1302 621 1383 686 mihi

165 734 190 774 a
205 707 322 793 pudori
339 730 399 774 neo
417 707 567 792 cuiquam
587 707 677 773 oneri
696 709 811 773 forent.
853 708 959 773 iussus
978 710 1018 773 ab
1036 710 1231 795 imperatore
1248 733 1383 776 uxorem

206 798 290 861 duxi.
337 819 377 862 en
410 798 508 880 stirps
541 802 573 861 et
604 797 776 884 progenies
806 801 857 862 tot
885 799 1067 883 consulum,
1099 803 1150 863 tot
1180 799 1382 865 dictatorum.

204 908 264 952 neo
296 883 336 952 ad
367 886 521 952 invidiam
554 887 631 970 ista,
664 886 718 951 sed
746 887 965 953 conciliandae
1002 887 1237 954 misericordiae
1269 891 1382 955 refero.

206 976 422 1060 adsequentur
444 977 579 1041 florente
601 980 643 1060 te,
667 974 793 1061 Caesar,
817 998 898 1060 quos
922 976 1046 1042 dederis
1059 977 1221 1043 bonores:
1253 978 1382 1043 interim

206 1064 242 1142 Q.
253 1064 421 1131 Hortensii
430 1069 634 1149 pronepotes,
649 1066 715 1130 divi
724 1064 867 1151 Augusti
880 1066 1027 1131 alumnos
1043 1067 1083 1132 ab
1098 1067 1208 1152 inopia
1224 1067 1358 1132 defende
1366 1066 1381 1131 ’.

160 1156 202 1221 38
293 1153 465 1220 Inclinatio
494 1159 624 1220 senatus
652 1155 898 1221 incitamentum
922 1155 1052 1219 Tiberio
1082 1156 1146 1221 fuit
1168 1179 1232 1240 quo
1255 1178 1383 1242 promp-

204 1246 270 1309 tius
289 1243 518 1329 adversaretur,
540 1244 591 1309 his
609 1245 710 1308 ferme
729 1244 836 1310 verbis
855 1266 946 1309 usus:
972 1246 1011 1309 ‘si
1030 1249 1186 1328 quantum
1205 1268 1383 1330 pauperum

205 1339 255 1399 est
283 1334 392 1399 venire
418 1333 482 1399 hue
510 1337 542 1398 et
570 1333 681 1399 liberis
708 1333 774 1399 suis
803 1339 911 1418 petere
939 1335 1091 1418 pecunias
1119 1334 1292 1419 coeperint,
1322 1335 1385 1399 sin-

205 1423 275 1510 guli
302 1445 477 1506 numquam
505 1424 762 1508 exsatiabuntur,
794 1445 844 1487 res
876 1422 1007 1508 publiea
1040 1424 1174 1489 deficiet.
1220 1446 1279 1489 neo
1309 1446 1384 1489 sane

180 1512 278 1579 sideo
307 1535 326 1575 a
353 1512 528 1577 maioribus
556 1533 742 1577 concessam
773 1516 824 1576 est
855 1513 963 1597 agredi
992 1512 1164 1598 aliquando
1195 1515 1383 1578 relationem

206 1606 239 1666 et
271 1602 358 1685 quod
384 1601 420 1665 in
451 1623 619 1666 commune
651 1600 810 1666 conducat
842 1600 914 1666 loco
948 1604 1126 1667 sententiae
1157 1604 1314 1688 proferre,
1349 1608 1386 1666 ut

205 1691 331 1776 privata
357 1691 489 1777 negotia
516 1695 549 1755 et
581 1712 630 1754 res
659 1690 834 1755 familiares
866 1695 992 1756 nostras
1019 1691 1073 1756 hic
1105 1714 1278 1778 augeamus
1312 1713 1385 1755 cum

207 1780 328 1845 invidia
352 1782 481 1844 senatus
506 1783 538 1843 et
561 1779 757 1865 principum,
782 1780 848 1844 sive
871 1780 1294 1866 indulserintlargitionem
1317 1782 1385 1844 sive

208 1870 387 1934 abnuerint.
428 1891 495 1933 non
517 1869 602 1933 enim
621 1890 732 1952 preces
756 1874 832 1933 sunt
851 1868 948 1953 istud,
972 1870 1027 1934 sed
1047 1871 1247 1955 efflagitatio,
1270 1871 1383 1934 intem·

168 1984 194 2025 m
207 1959 332 2042 pestiva
360 1957 490 2040 quidem
513 1961 545 2021 et
568 1958 745 2043 inprovisa,
778 1980 851 2022 cum
884 1958 955 2023 aliis
986 1959 1025 2025 de
1052 1960 1148 2024 rebus
1177 1959 1387 2024 convenerint

128 2063 131 2066 ·
207 2051 328 2133 patres,
360 2068 552 2133 consurgere
584 2051 616 2111 et
647 2069 783 2112 numero
816 2052 913 2132 atque
946 2052 1050 2113 aetate
1082 2048 1220 2113 liberum
1252 2070 1385 2112 suorum

207 2158 323 2224 urgere
345 2136 536 2201 modestiam
559 2140 702 2219 senatus,
730 2137 862 2202 eandem
885 2139 951 2201 vim
974 2139 1008 2201 in
1032 2159 1083 2201 me
1106 2138 1323 2202 transmittere
1347 2158 1383 2200 ac

208 2225 298 2291 velut
323 2225 522 2311 perfringere
549 2226 719 2310 aerarium,
751 2226 839 2310 quod
872 2227 899 2290 si
933 2226 1108 2291 ambitione
1135 2227 1384 2308 exhauserimus,

208 2338 265 2401 per
280 2317 400 2380 seelera
414 2316 628 2400 supplendum
643 2308 712 2379 brit.
751 2316 838 2379 dedit
857 2316 928 2399 tibi,
947 2315 1091 2399 Hortalo,
1110 2317 1203 2380 divus
1217 2316 1386 2402 Augustus

168 2431 194 2472 1⁶
208 2407 385 2491 pecaniam,
409 2404 464 2470 sed
487 2428 554 2470 non
577 2405 778 2490 conpellatus
801 2426 860 2468 nec
883 2427 921 2468 ea
943 2404 1023 2491 lege,
1046 2409 1084 2469 ut
1107 2428 1231 2489 semper
1250 2405 1401 2469 daretur..

207 2497 393 2581 languescet
421 2494 544 2579 alioqui
570 2494 741 2577 industria,
769 2494 953 2558 intendetur
977 2495 1135 2580 socordia,
1163 2493 1192 2558 si
1215 2494 1324 2559 nullus
1348 2516 1386 2557 ex

209 2607 242 2649 se
261 2588 366 2649 metus
386 2588 442 2648 aut
457 2606 538 2667 spes,
558 2588 589 2647 et
608 2586 713 2649 securi
732 2605 842 2647 omnes
861 2583 966 2647 aliena
985 2584 1127 2647 subsidia
1146 2582 1386 2667 exspectabunt,

210 2674 272 2738 sibi
300 2674 424 2760 ignavi,
450 2674 544 2737 nobis
576 2674 709 2757 graves?
756 2671 836 2737 haec
858 2676 955 2755 atque
978 2672 1069 2758 talia,
1094 2685 1288 2757 quamquam
1313 2694 1385 2738 cum

247 2882 770 2951 11.meraeramtat,wiesobonPlautus
862 2888 885 2936 7.
905 2901 966 2938 cam
980 2885 1089 2939 1111111111
1102 2883 1194 2937 bildet
1208 2884 1263 2937 den
1277 2882 1387 2952 Haupt-

210 2954 268 3007 und
283 2953 338 3008 Oia.
359 2956 446 3008 deor.
468 2961 492 3020 1,
512 2960 546 3007 64
564 2956 705 3022 respoudit
717 2971 771 3009 sese
825 2954 983 3023 gedanken,
1002 2955 1055 3008 wie
1077 2956 1126 3008 das
1141 2955 1284 3025 Folgende
1298 2953 1386 3025 zeigt3

210 3029 337 3080 meruisse
350 3031 382 3079 at
396 3027 572 3093 amplissimis
585 3027 733 3080 honoribus
747 3032 771 3080 et
825 3025 882 3094 vgl.
902 3032 926 3092 1,
947 3032 989 3093 18,
1009 3031 1033 3079 9.

209 3098 343 3166 praemiis
356 3097 536 3151 decoraretur.
564 3096 700 3167 Dagegen
718 3097 772 3151 mit
862 3101 886 3151 8.
901 3096 1388 3153 indulserimtundabmaeriatFut.H

211 3168 275 3222 dem
302 3166 425 3220 infinitis
455 3184 517 3221 ann.
550 3174 595 3234 15,
619 3173 652 3221 61
681 3171 772 3223 amari
825 3166 1386 3236 1111111161111111111111.1111111111

211 3241 345 3306 meruisti,
363 3251 421 3292 vvas
439 3237 653 3292 naehklassiseh
671 3239 716 3293 ist.
826 3239 1388 3308 1111111460,111111811111111111

249 3313 446 3380 1311111111.
493 3309 559 3366 Scin
576 3310 665 3364 Vater
691 3311 772 3382 hatte
827 3317 852 3378 4,
863 3316 897 3364 16
908 3312 966 3364 und
975 3311 1088 3379 diales,
1098 3329 1118 3365 s.
1131 3311 1386 3381 Nipp-Andresen,

211 3383 253 3436 als
295 3382 448 3453 Anhanger
487 3382 537 3435 des
574 3382 676 3437 Brutus
713 3383 772 3435 und
826 3384 968 3453 indulgere
990 3383 1043 3437 mit
1066 3384 1131 3437 dem
1153 3382 1315 3436 Akkusativ
1338 3382 1390 3436 der

212 3453 323 3509 Cassius
339 3455 428 3508 durch
442 3454 488 3509 die
502 3453 696 3524 Proslrription
712 3454 772 3509 sein
828 3453 926 3521 Sache,
945 3454 1060 3508 thulich
1081 3461 1105 3521 1,
1125 3460 1167 3509 52.

211 3527 477 3597 Lebeneingebtisst,
495 3526 629 3581 woduroh
643 3526 772 3596 augleich
864 3531 888 3578 9.
911 3542 1071 3595 commones
1089 3533 1154 3581 aaut
1172 3527 1257 3591 1111111,
1278 3542 1298 3578 s.
1314 3524 1387 3578 Einl.

212 3598 263 3653 das
277 3598 436 3668 Vermogen
456 3598 502 3652 fu'r
516 3598 561 3653 die
576 3597 695 3652 Familia
713 3613 772 3651 ver·
827 3603 842 3662 ξ
862 3602 904 3662 18,
924 3614 948 3651 a.

214 3670 293 3725 loren
312 3671 389 3741 ging.
865 3674 905 3722 11.
938 3685 1062 3732 suoram,
1091 3668 1144 3721 wie
1171 3668 1211 3721 im
1236 3666 1388 3736 folgenden

250 3749 291 3796 14.
319 3744 388 3797 satis
405 3743 545 3807 habebam,
569 3744 602 3808 si,
621 3740 675 3794 wie
693 3745 718 3805 4,
739 3746 772 3794 38
826 3740 922 3794 mallus
945 3756 978 3793 ea
995 3756 1023 3793 se
1045 3745 1139 3794 metm.
1176 3738 1234 3792 Das
1258 3738 1389 3793 reflexive

212 3816 332 3883 satisque
350 3815 454 3880 babere,
477 3815 503 3867 si
516 3814 603 3868 locam
617 3814 773 3881 priempere
827 3809 984 3865 Pronomen
1007 3809 1119 3865 bezieht
1143 3810 1204 3863 sich
1229 3810 1316 3864 schon
1341 3808 1389 3862 bei

214 3886 349 3953 impleam.
829 3881 924 3936 Cicero
961 3881 1095 3936 auweilen
1133 3882 1185 3935 auf
1219 3883 1265 3935 ein
1301 3880 1389 3934 unbe-

251 3961 292 4009 11,
312 3943 388 4008 liber
402 3956 457 4009 den
470 3954 574 4009 finalen
589 3954 656 4009 Gen.
672 3947 772 4023 gerun-
828 3953 967 4007 stimmtes
978 3952 1097 4022 Subjelrt
1108 3953 1206 4018 ‘man',
1222 3971 1243 4006 z.
1255 3953 1285 4007 Β.
1297 3951 1387 4005 defin.

215 4025 773 4093 1111111111.1108.Ι)11111111111111
829 4032 858 4091 1,
878 4032 925 4092 20,
946 4031 979 4079 67
999 4026 1137 4079 amicitiae
1160 4026 1303 4092 effectrices
1324 4029 1390 4078 sarit

217 4105 257 4164 11,
278 4103 301 4152 3.
645 4142 649 4148 .
827 4099 999 4164 voluptatum
1026 4103 1082 4150 tam
1107 4099 1204 4151 amicis
1227 4113 1309 4165 qaam
1335 4095 1390 4149 eibi

250 4167 299 4223 38.
328 4175 352 4221 4.
381 4186 487 4223 11111.
508 4173 594 4235 1,10.
828 4169 860 4235 (s.
880 4166 995 4237 Madvig
1018 4186 1040 4219 a.
1068 4166 1173 4231 (111).
1211 4167 1272 4221 Juv.
1293 4172 1335 4230 11,
1355 4171 1389 4219 35

251 4247 274 4293 5.
304 4240 395 4311 egredi
407 4241 565 4295 relationem
579 4239 714 4294 bedeutet
727 4239 773 4294 die
828 4239 965 4293 1111111111
984 4245 1022 4294 est
1039 4256 1168 4296 1111111111
1185 4242 1239 4293 cai.

214 4311 408 4379 Abvveichung
419 4328 471 4365 von
486 4310 535 4365 der
545 4310 774 4381 Tagesordnung.
868 4315 909 4364 13.
926 4311 1081 4375 ambitione,
1092 4309 1287 4378 persbnlichen
1297 4308 1391 4362 Rtiok-

215 4384 324 4436 Anders
343 4383 454 4437 excessit
472 4382 501 4434 in
521 4399 543 4435 o.
564 4388 606 4436 33.
832 4381 941 4435 sichten
960 4381 1077 4448 zuliebe,
1097 4380 1131 4435 cf.
1152 4388 1177 4447 4,
1197 4387 1239 4434 64,
