3092 4834
547 258 656 312 LIBER
672 258 707 313 H.
744 258 821 313 csP.
841 265 955 316 oa-al.
1280 264 1340 329 131

163 422 278 488 ductos
311 422 352 485 ad
382 422 510 487 hostem
543 422 649 506 duxit,
681 423 841 490 modicam
868 446 1013 510 manum,
1046 426 1071 490 si
1103 426 1341 494 multitudinem
1357 461 1383 502 11

162 511 380 576 Numidarum
408 515 504 596 atque
527 510 714 576 Maurorum
742 518 916 597 spectarem
947 515 1002 578 sed
1025 514 1107 581 nihil
1130 539 1230 601 aeque
1253 541 1340 585 cave-

162 600 259 664 batur
289 622 385 684 quam
413 622 454 664 ne
482 600 603 665 bellum
629 606 718 666 metu
747 602 925 667 eluderent:
958 626 1014 688 spe
1037 606 1190 670 victoriae
1218 609 1340 674 inducti

163 694 249 773 sunt,
268 693 306 752 ut
319 689 537 775 iungerentur.
574 691 675 777 igitur
693 690 780 777 legio
796 692 910 774 medic,
928 692 1015 757 leves
1030 694 1180 760 cohortes
1196 695 1340 780 duaeque

163 778 233 843 alae
256 780 291 842 in
314 780 463 844 cornibus
486 781 642 843 locantur.
684 801 744 844 uec
766 779 951 847 Tacfarinas
975 805 1117 869 pugnam
1143 785 1339 851 detrectavit.

162 868 229 931 fusi
261 868 430 952 Numidae,
463 869 648 952 multosque
680 873 755 954 post
792 893 893 935 annos
925 871 1024 936 Furio
1056 875 1179 937 nomini
1211 879 1340 959 partum
1355 906 1381 945 11

163 957 261 1022 decus
292 958 433 1022 militiae.
480 980 554 1021 narn
578 962 653 1043 post
676 958 769 1022 illum
793 962 1039 1043 reciperatorem
1062 963 1150 1027 urbis
1174 963 1341 1048 filiumque

163 1047 233 1110 eius
267 1045 439 1111 Camillum
471 1069 568 1131 penes
599 1047 678 1112 alias
710 1048 849 1113 familias
881 1051 1088 1134 imperatoria
1119 1051 1190 1116 laus
1223 1053 1341 1139 fuerat3

163 1140 262 1219 atque
285 1134 350 1219 hic,
379 1157 472 1219 quem
498 1157 727 1222 memoramus,
750 1136 910 1202 bellorum
933 1161 1047 1223 expers
1069 1139 1256 1206 habebatur.
1302 1165 1340 1209 eo

162 1224 298 1309 pronior
320 1222 466 1289 Tiberius
488 1247 540 1289 res
564 1230 671 1312 gestas
695 1227 782 1311 apud
805 1233 951 1291 senatum
973 1228 1157 1317 celebravit,
1181 1236 1214 1294 et
1237 1232 1341 1297 decre-

162 1335 239 1378 vere
265 1317 372 1396 patres
401 1314 612 1398 triumphalia
634 1316 784 1402 insignia,
814 1317 899 1400 quod
924 1316 1060 1384 Camillo
1084 1319 1125 1383 ob
1150 1321 1341 1386 modestiam
1355 1351 1381 1391 11

163 1403 251 1467 vitae
275 1404 405 1486 impune
427 1404 498 1467 fuit.

255 1489 398 1576 Sequens
422 1515 524 1556 annus
546 1493 711 1557 Tiberium
739 1496 850 1578 tertio,
879 1493 1103 1561 Germanicum
1127 1498 1244 1562 iterum
1268 1503 1393 1568 con-53

164 1581 252 1644 sules
276 1580 397 1645 habuit.
444 1581 499 1646 sed
523 1605 596 1646 eum
619 1582 774 1648 honorem
801 1583 1009 1650 Germanicus
1033 1586 1106 1649 iniit
1125 1587 1209 1670 apud
1228 1589 1341 1653 urbem

164 1670 306 1734 Achaiae
338 1670 536 1755 Nicopolim,
573 1695 637 1756 quo
675 1676 805 1737 venerat
837 1696 895 1758 per
930 1672 1094 1758 Illyricam
1132 1697 1234 1759 oram,
1271 1678 1340 1743 viso

162 1759 265 1823 fratre
283 1758 390 1825 Druso
409 1762 445 1824 in
462 1760 624 1825 Delmatia
642 1768 767 1848 agente,
790 1762 969 1828 Hadriatici
988 1786 1025 1828 ac
1046 1786 1122 1828 mox
1140 1762 1224 1830 Ionii
1243 1768 1340 1831 maris

163 1849 332 1913 adversam
349 1850 589 1936 navigationem
607 1874 787 1936 perpessus.
824 1854 925 1939 igitur
943 1875 1063 1938 paucos
1082 1854 1150 1919 dies
1169 1855 1341 1940 insumpsit
1368 1885 1385 1925 1

163 1939 354 2003 reficiendae
391 1938 499 2024 classi3
537 1939 633 2004 simul
670 1942 759 2006 sinus
797 1940 929 2007 Actiaca
961 1944 1096 2007 victoria
1133 1946 1272 2010 inclutos
1309 1950 1341 2010 et

164 2031 306 2092 sacratas
334 2028 374 2092 ab
402 2027 551 2115 Augusto
579 2030 746 2094 manubias
777 2035 944 2115 castraque
972 2032 1107 2097 Antonii
1134 2055 1207 2099 cum
1238 2056 1346 2099 recor--

164 2118 293 2181 datione
330 2119 487 2181 maiorum
527 2140 657 2183 suorum
690 2120 778 2184 adiit.
833 2143 971 2204 namque
1004 2122 1046 2206 ei,
1083 2126 1120 2186 ut
1155 2127 1342 2209 memoravi,

164 2206 342 2270 avunculus
379 2206 559 2293 Augustus,
596 2231 674 2272 avus
713 2210 874 2272 Antonius
911 2214 1014 2294 erant,
1053 2234 1233 2297 magnaque
1274 2214 1341 2278 illic

164 2297 272 2380 imago
291 2296 436 2359 tristium
458 2297 688 2381 laetorumque.
735 2298 812 2361 hinc
831 2301 961 2361 ventum
980 2298 1133 2384 Athenas,
1156 2301 1340 2385 foederique
1356 2331 1389 2371 ro

164 2385 271 2449 sociae
290 2389 322 2448 et
340 2388 485 2451 vetustae
500 2386 589 2451 urbis
604 2386 724 2464 datum,
744 2391 781 2451 ut
798 2408 863 2450 uuo
877 2385 991 2452 lictore
1006 2392 1158 2453 uteretur.
1191 2413 1340 2473 excepere

165 2472 278 2538 Graeci
301 2476 546 2557 quaesitissimis
574 2475 765 2560 honoribus,
793 2479 901 2539 vetera
924 2497 1055 2540 suorum
1083 2479 1169 2542 facta
1193 2478 1340 2562 dictaque

164 2563 390 2648 praeferentes,
415 2587 478 2647 quo
503 2565 576 2648 plus
601 2565 798 2651 dignationis
822 2565 963 2628 adulatio
987 2565 1127 2630 haberet.

255 2652 362 2716 Petita
384 2654 458 2718 inde
477 2653 611 2719 Euboea
628 2655 769 2719 tramisit
787 2654 937 2737 Lesbum,
959 2655 1017 2719 ubi
1034 2654 1217 2742 Agrippina
1235 2657 1394 2723 novis-54

69 2779 83 2802 a
166 2744 249 2806 simo
277 2746 372 2826 partu
399 2742 515 2807 Iuliam
544 2743 652 2808 edidit.
698 2748 768 2808 tum
797 2748 939 2808 extrema
969 2743 1065 2808 Asiae
1088 2744 1340 2829 Perinthumque

203 2870 244 2918 17.
271 2851 348 2917 llber
362 2881 444 2932 qaam
461 2865 535 2918 nach
554 2867 727 2935 attilaeque
818 2872 1011 2934 1111111111.
1040 2865 1097 2920 Das
1113 2866 1205 2936 Lager
1220 2867 1269 2920 des
1284 2869 1340 2922 An-

167 2955 187 2989 s.
204 2934 277 2988 Einl.
298 2940 371 3001 §93-
392 2968 425 2975 -
444 2944 516 2990 metu
535 2937 605 2989 wird
620 2937 727 2990 erkltrt
781 2938 876 2990 tonius
895 2953 953 2990 war
976 2938 1022 2991 bei
1049 2939 1098 2991 der
1117 2938 1200 2992 Stadt
1218 2940 1340 3009 Actium,

167 3006 256 3060 durch
285 3012 314 3073 4,
340 3011 387 3074 24,
411 3012 435 3060 6.
466 3040 497 3046 -
527 3009 632 3063 cludere
652 3010 726 3062 ‘aus-
781 3009 873 3062 rechts
907 3026 943 3062 an
976 3010 1026 3062 der
1057 3009 1188 3064 Einfahrt
1219 3012 1249 3063 in
1287 3012 1340 3066 den

166 3077 314 3132 weichen’.
781 3081 955 3134 Meerbusen.

204 3154 245 3204 18,
273 3150 361 3204 medio
384 3150 437 3202 wie
449 3150 530 3274 ,pist
556 3158 585 3218 1,
609 3156 643 3204 68
671 3154 728 3220 ipsi
817 3157 841 3206 8.
874 3140 951 3205 liber
978 3153 1025 3206 die
1043 3151 1291 3208 Verwandtschaft
1319 3174 1340 3209 1.

166 3221 255 3276 medio
274 3223 346 3291 capi,
366 3239 429 3274 ann.
486 3265 493 3290 ,
513 3226 554 3275 38.
577 3227 617 3288 15,
638 3229 679 3277 29.
782 3242 816 3276 zu
835 3241 857 3276 1.
873 3229 916 3276 43.

204 3298 246 3345 21.
278 3293 426 3361 filiamque.
464 3293 645 3363 Kriegstaten
672 3311 726 3348 von
818 3301 859 3348 12.
884 3295 1106 3349 Theaterszenen
1116 3295 1341 3351 undOvationen

169 3363 394 3417 demSohnedes
409 3364 576 3418 berdhmten
591 3364 725 3419 Camillus
782 3366 846 3419 sind
864 3367 997 3435 gemeint,
1015 3365 1068 3419 wie
1089 3367 1129 3420 sie
1144 3385 1165 3419 z.
1181 3367 1212 3419 B.
1229 3373 1278 3421 196
1294 3369 1341 3422 bei

166 3435 277 3488 kennen
296 3435 348 3488 wir
365 3436 457 3502 nicht,
476 3436 544 3489 aber
562 3437 622 3491 sein
636 3437 727 3490 Enkel
782 3438 831 3490 der
849 3438 1048 3492 Anwcsenheit
1074 3438 1122 3491 des
1141 3437 1172 3490 Τ.
1193 3437 1340 3502 Quinctius

168 3506 268 3575 schlug
296 3510 347 3560 338
376 3507 421 3560 die
449 3508 571 3560 Latiner.
610 3508 727 3576 Spatura
782 3509 955 3561 Flamininus
975 3508 1138 3577 ausgeffihrt
1156 3526 1256 3561 waren.

167 3577 331 3647 Mitglieder
355 3579 404 3630 der
426 3596 494 3646 gens
521 3579 606 3632 Furia
634 3579 726 3632 haben
818 3585 858 3632 13.
888 3568 964 3633 liber
981 3581 1107 3650 dipactio
1127 3582 1198 3633 statt
1219 3581 1341 3650 dipcitas

167 3649 242 3702 wohl
279 3649 472 3718 triumphiert‚
514 3649 586 3704 doch
622 3650 725 3704 hainen
782 3668 802 3703 1.
823 3669 857 3703 zu
876 3668 898 3705 1.
920 3657 960 3704 33.
981 3683 1015 3691 -
1030 3653 1172 3720 praeferre
1186 3654 1257 3705 statt
1271 3671 1341 3721 prce

168 3720 331 3773 dauernden
349 3720 442 3773 Ruhm
461 3720 578 3790 erlangt.
781 3739 808 3775 se
834 3723 906 3788 ferra
937 3722 1017 3775 nicht
1048 3740 1101 3775 nur
1132 3723 1172 3775 im
1201 3723 1341 3777 silbernen

204 3792 726 3863 113.111111811111η11111111111111
782 3793 895 3861 Latein,
924 3794 1044 3847 sondern
1068 3794 1153 3848 schor
1177 3793 1233 3848 Cic.
1260 3796 1340 3849 Rosc.

167 3864 284 3917 verder
308 3862 441 3917 Schlacht
463 3864 510 3917 bei
528 3865 642 3918 Actium
667 3865 727 3918 sein
781 3866 842 3918 Am.
872 3870 940 3930 §87
969 3867 1118 3920 avaritiam
1142 3869 1277 3934 praefers,
1306 3868 1339 3921 cf.

167 3936 258 4004 hager
295 3934 514 4004 aufgeschlagen
550 3935 644 4004 hatte,
681 3953 727 3989 am
782 3936 1340 4009 1111111.1,34,62,11111111.<Ρ11111111)

168 4006 332 4060 ndrdlichen
361 4006 428 4060 Ufer
462 4009 512 4060 der
538 4007 670 4060 Einfahrt
697 4008 727 4060 in
784 4013 826 4075 10,
845 4015 870 4074 8,
889 4014 913 4062 4.

169 4077 728 4149 denAmbralrischenMeerbusamgrfin·
818 4077 866 4133 bl.
887 4085 910 4133 2.
935 4082 1047 4134 Iuliam.
1086 4079 1130 4133 Sie
1150 4080 1287 4134 heiratete
1307 4087 1341 4135 33

168 4149 234 4203 dete
257 4165 354 4202 araur
372 4149 549 4219 Erinnemmg
575 4166 611 4203 an
631 4151 727 4205 seinen
782 4152 837 4204 den
873 4150 910 4204 M.
939 4150 1075 4203 Vinicius.
1127 4151 1215 4204 Unter
1242 4152 1342 4206 Kaisar

169 4220 235 4290 Sieg
254 4221 300 4274 die
320 4220 403 4274 Stadt
421 4220 579 4290 Nikopolis.
783 4219 917 4275 Claudius
949 4223 1026 4275 ward
1058 4222 1104 4274 ihr
1135 4222 1221 4276 Manu
1254 4224 1342 4278 durch

205 4297 229 4345 5.
248 4294 419 4347 111111111111.
436 4292 499 4345 Dat.
516 4292 636 4347 Gerund.
655 4294 728 4346 auch
783 4293 936 4347 Messalina
954 4292 1096 4361 vergiftet,
1116 4295 1156 4347 sie
1176 4294 1264 4347 selbst
1282 4311 1342 4348 ver-

170 4368 194 4429 3,
210 4370 342 4432 1111111
355 4365 414 4419 dics
431 4365 607 4433 componendo
626 4368 727 4432 11111111,
782 4364 879 4417 bannt.
900 4397 933 4405 -
953 4364 1101 4419 Perinthus
1121 4365 1232 4435 tagam
1251 4365 1277 4416 N
1279 4366 1341 4418 ord-

170 4439 212 4501 16,
232 4440 273 4489 23.
302 4434 369 4504 Agr.
389 4441 431 4489 23.
782 4436 844 4489 ufer
863 4437 913 4489 der
930 4436 1086 4504 Propontis.

1095 4526 1129 4578 91
