3092 4834
568 251 679 305 LIBER
695 251 743 307 IV.
781 251 858 308 GAP.
877 256 991 308 er-ei.
1299 250 1364 316 257

194 414 308 497 operit.
359 418 392 478 et
423 414 473 478 illi
505 414 647 498 quidem,
681 435 762 497 quos
792 414 988 497 principium
1016 414 1136 496 stragis
1164 415 1198 477 in
1226 419 1365 479 mortem

191 502 372 584 adflixerat,
399 503 519 567 attali
542 507 643 586 sorte,
667 503 847 568 cruciatum
871 503 1024 586 effugere:
1051 502 1226 566 miserandi
1249 504 1364 587 magis,
1385 517 1418 568 15

192 612 273 674 quos
296 591 435 675 abrupta
457 595 551 676 parte
575 593 719 676 corporis
743 591 887 656 nondum
910 591 979 654 vita
1001 590 1198 673 deseruerat3
1229 592 1285 674 qui
1307 613 1366 675 per

193 679 277 742 diem
315 680 398 763 risu,
434 701 493 764 per
529 688 657 744 noctem
690 679 868 744 ululatibus
902 682 935 743 et
967 678 1091 763 gemitu
1123 680 1277 762 coniuges
1310 684 1367 744 aut

191 767 310 831 liberos
329 769 516 832 noscebant.
557 768 622 832 iam
643 768 742 833 ceteri
761 768 849 832 fama
868 767 973 850 exciti,
995 767 1048 830 hic
1066 766 1211 848 fratrem,
1234 767 1366 852 propin·

192 877 291 939 quum
314 857 378 938 ille,
402 856 485 920 alius
509 860 660 940 parentes
683 856 868 921 lamentari.
911 856 1009 919 etiam
1028 877 1165 938 quorum
1185 855 1310 918 diversa
1328 855 1367 919 de

192 964 290 1008 causa
320 945 416 1010 amici
444 948 501 1008 aut
522 946 694 1009 necessarii
718 946 867 1028 aberant,
894 965 1012 1028 pavere
1034 948 1159 1026 tamen,
1186 942 1367 1027 nequedum
1386 960 1420 1008 ao

191 1036 367 1117 comperto,
390 1055 471 1117 quos
496 1032 552 1097 illa
575 1033 625 1097 vis
648 1034 852 1116 perculisset,
876 1033 976 1098 latior
1000 1054 1038 1095 ex
1061 1033 1184 1096 incerto
1208 1036 1323 1096 metus.

279 1119 326 1185 Ut
349 1143 481 1206 coepere
505 1122 661 1186 dimoveri
685 1122 811 1203 obruta,
834 1143 1008 1186 concursus
1032 1121 1072 1185 ad
1096 1120 1263 1185 exanimos
1282 1121 1419 1185 com-63

190 1210 413 1295 plectentium,
432 1210 661 1293 osculantium
681 1214 714 1273 et
733 1231 827 1294 saepe
844 1215 1017 1292 certamen,
1037 1211 1065 1274 si
1080 1209 1246 1274 confusior
1259 1208 1367 1290 facies,

191 1298 247 1362 sed
265 1321 327 1381 par
344 1298 451 1363 forma
470 1302 526 1362 aut
545 1301 635 1363 aetas
654 1320 797 1364 errorem
817 1299 1089 1383 adgnoscentibus
1108 1299 1237 1362 fecerat.
1275 1296 1367 1380 quin·

190 1386 348 1470 quaginta
376 1386 545 1451 hominum
575 1386 665 1451 milia
693 1408 731 1451 eo
760 1409 837 1452 casu
863 1387 1035 1452 debilitata
1057 1386 1107 1451 vel
1131 1386 1256 1451 obtrita
1279 1388 1367 1467 sunt,

189 1480 383 1559 cautumque
406 1476 440 1539 in
463 1481 630 1558 posterum
655 1479 786 1539 senetur
806 1476 963 1559 consulto,
985 1498 1025 1539 ne
1046 1476 1117 1559 quis
1136 1473 1367 1559 gladiatorium
1404 1488 1421 1537 a

191 1586 307 1627 munus
335 1564 458 1646 ederet,
486 1565 538 1628 cui
565 1565 673 1628 minor
702 1564 1015 1650 quadringentorum
1041 1564 1166 1627 milium
1193 1585 1260 1644 res,
1287 1583 1367 1627 neve

191 1651 466 1734 amphitheatrum
509 1653 728 1737 imponeretur
769 1653 835 1717 nisi
877 1654 946 1717 solo
986 1651 1152 1717 firmitatis
1195 1655 1366 1735 spectatae.

189 1737 311 1803 Atilius
341 1742 374 1802 in
403 1742 535 1805 exilium
564 1746 656 1806 actus
684 1744 743 1806 est.
794 1747 937 1807 ceterum
965 1741 1024 1805 sub
1052 1743 1214 1805 recentem
1243 1738 1366 1810 cladem

190 1830 323 1912 patuere
351 1849 521 1910 procerum
550 1830 677 1912 domus,
705 1831 850 1895 fomenta
876 1836 909 1895 et
931 1830 1047 1894 medici
1071 1831 1194 1912 passim
1217 1827 1367 1911 praebiti,

191 1916 315 2000 fuitque
346 1917 423 1979 urbs
452 1938 508 1999 per
536 1918 610 1981 illos
639 1919 707 1982 dies
735 1941 932 2004 quamquam
960 1921 1084 1983 maesta
1111 1918 1195 1982 facie
1222 1921 1366 1981 veterum
1388 1931 1420 1979 10

189 2004 350 2069 institutis
383 2005 514 2087 similis,
547 2007 602 2089 qui
634 2026 755 2089 magna
782 2013 859 2091 post
885 2008 1010 2092 proelia
1038 2007 1164 2073 saucios
1192 2006 1367 2090 largitione

190 2096 223 2157 et
247 2114 323 2157 cura
347 2093 583 2158 sustentabant.

277 2179 430 2247 Nondum
454 2202 492 2245 ea
515 2181 623 2246 clades
647 2182 844 2265 exoleverat,
868 2204 940 2247 cum
964 2183 1050 2267 ignis
1074 2184 1229 2249 violentia
1251 2181 1420 2247 nrbem64

190 2270 279 2334 ultra
302 2269 434 2333 solitum
458 2269 585 2350 adfecit,
609 2270 722 2334 deusto
747 2274 858 2335 monte
878 2269 1004 2356 (laelio,
1027 2272 1224 2356 feralemque
1244 2294 1365 2336 annum

189 2357 339 2422 ferebant
371 2362 404 2421 et
436 2359 598 2422 ominibus
632 2358 788 2423 adversis
809 2363 996 2441 susceptum
1028 2359 1167 2442 principi
1196 2360 1366 2423 consilinm

191 2446 372 2529 absentiae,
404 2447 458 2530 qui
486 2469 557 2511 mos
584 2447 698 2531 vulgo,
730 2447 868 2511 fortuita
898 2446 937 2510 ad
967 2448 1095 2529 culpam
1124 2446 1307 2529 trahentes,
1333 2447 1367 2510 ni

187 2638 320 2692 Ammian
338 2643 381 2706 29,
399 2644 411 2692 1
434 2652 564 2709 praecepa
586 2641 618 2694 fa
636 2640 750 2694 exilium
841 2645 865 2693 6.
889 2639 980 2692 minor
993 2637 1257 2705 quadringentorum
1271 2642 1316 2692 cu.
1332 2638 1366 2692 cf.

189 2710 252 2764 acti.
805 2710 862 2763 Lex
884 2707 1049 2762 Ursonensis
1078 2711 1124 2775 (44
1148 2726 1173 2760 v.
1198 2707 1272 2775 Chr.)
1301 2712 1366 2772 §98

226 2783 267 2832 14.
295 2779 328 2832 iu
345 2784 467 2846 mortem,
486 2779 540 2832 wie
560 2796 603 2848 cp.
618 2784 653 2833 45
667 2796 750 2847 pruc-
805 2781 854 2848 qui
866 2780 957 2834 minor
970 2794 1107 2832 canoram
1122 2779 1174 2832 XI
1177 2778 1204 2832 V
1215 2783 1264 2832 aut
1278 2780 1367 2833 maior

188 2853 271 2904 torem
300 2880 332 2890 -
361 2865 417 2904 uuo
443 2851 554 2904 caluere
580 2851 613 2905 ia
639 2857 751 2905 mertem
805 2867 942 2904 annorum
960 2850 1022 2902 LX
1042 2855 1127 2904 uatus
1144 2850 1208 2918 erit,
1233 2850 1291 2902 Lex
1308 2848 1367 2902 Ma-

188 2920 298 2985 adfecit.
337 2919 363 2974 S.
383 2920 455 2974 Einl.
475 2928 497 2983 ξ.
512 2926 556 2975 49.
804 2921 929 2975 lacitana
947 2925 981 2974 28
1000 2921 1025 2974 ia
1037 2922 1086 2989 qui
1099 2922 1189 2975 minor
1205 2921 1269 2974 XX
1279 2936 1367 2975 anuo-

225 2995 266 3045 15.
294 2996 326 3046 ut
349 2988 590 3061 (restringierend)
609 2992 663 3047 tuli
679 2998 750 3047 sorte
803 3010 866 3046 ram
891 2993 955 3059 erit,
984 2995 1018 3045 54
1046 2993 1095 3059 qui
1117 2993 1208 3046 minor
1230 3008 1368 3046 canorum

187 3067 232 3117 ctt.
262 3062 288 3117 d.
317 3062 344 3115 h.
369 3061 450 3131 jane,
483 3061 582 3117 soweit
610 3080 675 3117 man
703 3063 750 3117 bei
806 3063 899 3116 XXV
920 3064 971 3118 crit
998 3062 1078 3129 (ibid.
1102 3064 1150 3132 qai
1172 3063 1263 3117 minor
1285 3080 1368 3132 quom

188 3133 278 3187 cinem
298 3133 414 3187 solchen
432 3134 487 3188 Los
506 3133 555 3188 das
573 3151 660 3202 sagen
678 3135 749 3202 dari,
804 3151 942 3189 annorum
957 3133 1019 3187 XX
1024 3133 1051 3187 V
1059 3135 1129 3201 erit),
1148 3133 1208 3188 Liv.
1224 3139 1266 3200 38,
1278 3140 1320 3197 38,
1332 3137 1366 3187 15

188 3203 343 3273 entgingen
356 3204 526 3273 wenigstens
541 3204 749 3271 derQualund
803 3208 923 3260 minores
949 3211 1074 3259 octonum
1097 3206 1196 3260 denam
1219 3221 1366 3270 naamam,

188 3275 332 3329 deshalb
386 3276 587 3330 miserandi*
625 3278 749 3331 minuar
805 3276 881 3331 Suet.
911 3278 982 3343 Aug.
1007 3280 1041 3328 28
1077 3277 1194 3330 maiores
1230 3291 1367 3329 annorum

187 3346 338 3400 miscruadi
355 3346 443 3415 magia
461 3363 488 3401 u.
503 3365 525 3400 s.
540 3364 574 3401 π.
804 3349 923 3415 quiaque
950 3352 975 3400 et
1001 3346 1126 3415 frigiata.
1168 3345 1366 3399 Wahrschein-

227 3421 268 3468 18.
297 3417 442 3470 noscebant
462 3416 512 3470 ‘sie
528 3416 644 3470 suchfen
660 3435 694 3471 aa
708 3435 749 3472 er·
804 3419 862 3471 lich
889 3417 928 3469 ist
955 3415 1062 3484 Ellipse
1088 3431 1145 3469 von
1173 3432 1255 3494 qaam
1283 3431 1367 3467 anzu-

188 3485 321 3540 lrennen'.
804 3488 933 3553 nehmen,
952 3487 1010 3539 und
1029 3485 1078 3537 der
1093 3483 1161 3539 Gen.
1180 3487 1220 3538 ist
1237 3486 1283 3538 ein
1298 3484 1366 3538 Gen.

225 3562 267 3610 21.
313 3544 389 3610 Uber
422 3562 555 3624 comperto
586 3556 643 3626 vgl.
676 3557 748 3613 Einl.
805 3556 967 3625 qualitatis,
991 3572 1012 3611 s.
1031 3554 1165 3608 Wolfflin
1188 3554 1292 3610 Archiv
1314 3554 1367 3608 VlI

188 3632 211 3692 ξ.
231 3631 291 3681 112.
306 3657 340 3666 —
355 3626 439 3681 latior
455 3626 563 3681 ‘weiter
575 3628 749 3696 verbreitet',
805 3647 831 3698 p.
849 3632 908 3681 110.

188 3697 241 3752 wie
265 3702 308 3764 12,
327 3704 360 3751 43
390 3698 475 3752 latius
502 3700 645 3766 metuitur,
678 3699 749 3754 Plin.
840 3698 889 3753 04.
926 3703 952 3753 2.
980 3699 1074 3753 deusto
1094 3697 1180 3752 ‘dean
1198 3712 1228 3751 es
1246 3698 1366 3752 brannte

188 3785 232 3838 ep.
252 3776 277 3836 43
298 3774 376 3836 1a‚7
409 3769 497 3839 mucia
526 3770 646 3824 homiues
672 3771 751 3826 iuuat
805 3769 862 3824 ab’.
917 3757 993 3824 Uber
1021 3769 1075 3822 den
1102 3768 1287 3823 aoristischen
1314 3766 1367 3821 Ge·

186 3842 354 3910 gloriatura
372 3856 453 3909 quom
472 3855 582 3909 muana.
804 3838 911 3894 brauch
943 3840 992 3893 des
1024 3839 1126 3894 Partic.
1159 3839 1228 3908 perf.
1260 3838 1367 3907 passivi

223 3911 271 3967 03.
302 3917 325 3967 1.
348 3897 424 3964 Uber
442 3913 517 3977 coepi
535 3912 588 3965 mit
607 3911 671 3965 dem
685 3928 750 3979 pas·
805 3930 826 3966 s.
855 3911 926 3965 Einl.
960 3916 984 3976 §-
1009 3915 1069 3965 110.
1101 3941 1136 3951 -
1169 3910 1224 3964 Der
1258 3909 1367 3965 Caelius

188 3982 267 4038 siren
285 3981 411 4036 Infinitiv
430 3998 452 4035 s.
471 3980 544 4037 Einl.
564 3987 580 4047 ξ
597 3987 637 4049 14,
657 3982 684 4036 b.
804 3980 876 4049 liegt
899 3982 1055 4036 siidbstlich
1079 3997 1143 4036 vom
1162 3980 1311 4037 Palatium.
1332 4011 1366 4022 -

223 4059 248 4106 2.
267 4054 293 4107 si
310 4054 452 4119 confusior
470 4053 555 4121 facies
574 4070 612 4108 sc.
631 4059 698 4109 erut
804 4039 881 4107 Uber
903 4053 957 4107 den
981 4051 1129 4107 Gcbrauch
1148 4069 1204 4107 von
1226 4053 1322 4118 feralia
1344 4071 1366 4106 s.

223 4128 248 4177 4.
268 4124 412 4179 debilitata
432 4123 660 4191 ‘verstfimmelt',
680 4140 751 4193 ganz
805 4141 839 4176 au
862 4130 887 4190 2,
907 4130 949 4177 75.

187 4193 327 4250 wiePlin.
344 4197 753 4264 ep.8‚17,bmulticfusmodf
841 4201 866 4248 3.
899 4200 1044 4262 susceptas.
1088 4191 1154 4248 Dies
1179 4193 1302 4262 Particip
1329 4193 1367 4246 ist

189 4266 298 4321 coaibua
330 4266 481 4335 debilitati,
514 4266 620 4334 obruti,
647 4268 750 4320 obtriti.
806 4265 865 4319 eins
888 4281 943 4318 von
967 4265 1070 4332 denen,
1097 4265 1204 4319 welche
1227 4266 1313 4318 sehon
1336 4262 1367 4341 in

188 4335 269 4389 Nach
294 4336 398 4391 Sueten
423 4338 538 4392 wurden
561 4339 630 4393 iiber
653 4343 689 4391 20
699 4341 751 4393 000
805 4334 974 4389 klassischer
983 4335 1071 4390 Proca
1085 4353 1131 4389 am
1145 4334 1305 4402 haufigsten
1314 4333 1367 4384 mit

188 4406 362 4476 erschlagcn.
806 4407 869 4460 dem
889 4407 973 4461 Dativ
992 4406 1153 4462 verbunden
1171 4405 1290 4459 werden.
