3092 4834
537 223 647 324 LIBER
664 270 698 324 11.
737 270 814 326 οΑΡ.
835 275 930 327 7-10.
1280 270 1343 336 103

162 436 319 499 insultant
347 433 440 518 aquis
470 438 636 518 artemque
663 435 762 499 nandi
790 437 967 517 ostentant,
998 434 1121 498 turbati
1149 438 1181 498 et
1212 399 1341 519 quidam

162 523 270 588 hausti
294 528 378 587 sunt.
423 525 558 588 metanti
586 527 692 589 castra
719 521 848 588 Caesari
869 522 1136 609 Angrivariorum
1165 523 1344 589 defectioa

161 616 254 697 tergo
283 612 463 677 nuntiatur:
495 615 614 678 missus
637 613 712 677 ilico
736 611 910 677 Stertinius
940 633 1012 676 eum
1042 613 1150 696 equite
1180 616 1212 677 et
1242 635 1344 677 arma-

161 705 234 765 tura
256 701 321 766 levi
344 701 419 786 igne
445 705 477 767 et
500 703 652 767 caedibus
674 702 842 785 perfidiam
865 702 953 765 ultus
976 705 1034 766 est.
1357 728 1383 770 rs

251 789 383 854 Flumen
404 790 554 877 Visurgis
577 790 740 855 Romanos
765 789 1008 875 Cheruscosque
1031 789 1245 855 interfluebat.
1273 792 1343 855 eius
1362 792 1382 857 9

160 879 196 943 in
222 879 293 962 ripa
320 900 393 943 cum
417 883 530 945 ceteris
553 880 749 964 primoribus
772 879 939 944 Arminius
962 880 1104 964 adstitit,
1131 881 1342 963 quaesitoque

159 990 203 1032 an
226 966 342 1033 Caesar
364 970 519 1053 venisset,
541 974 714 1053 postquam
737 969 847 1033 adesse
870 991 1060 1053 responsum
1084 973 1145 1052 est,
1172 973 1210 1033 ut
1231 969 1343 1033 liceret

160 1079 234 1122 cum
263 1058 362 1121 fratre
393 1058 546 1142 conloqui
576 1059 688 1122 oravit.
712 1075 716 1081 ·
739 1061 809 1122 erat
836 1056 864 1121 is
892 1058 927 1122 in
955 1059 1097 1123 exercitu
1127 1060 1341 1144 cognomento

159 1144 292 1231 Flavus,
320 1146 458 1233 insignis
485 1148 549 1212 fide
577 1151 609 1210 et
636 1147 755 1211 amisso
782 1169 841 1230 per
868 1149 984 1211 vulnus
1014 1146 1108 1211 oculo
1131 1149 1243 1230 paucis
1266 1152 1341 1213 ante
1369 1173 1382 1215 s

159 1236 251 1299 annis
275 1235 355 1300 duce
379 1235 519 1300 Tiberio.
552 1240 623 1300 tum
646 1237 805 1319 permissu
824 1260 887 1296 *a*
906 1258 1159 1321 progressusque
1182 1235 1342 1301 salutatur

160 1325 200 1389 ab
223 1323 386 1408 Armini03
415 1325 471 1409 qui
498 1326 615 1390 amotis
643 1323 869 1409 stipatoribus,
897 1329 934 1389 ut
962 1326 1121 1410 sagittarii
1147 1330 1258 1389 nostra
1279 1347 1340 1411 pro

159 1414 229 1497 ripa
253 1413 402 1499 dispositi
425 1414 634 1479 abscederent
656 1415 814 1497 postulat,
838 1420 871 1478 et
892 1419 1064 1499 postquam
1089 1414 1233 1499 digressi,
1256 1415 1341 1479 unde

158 1524 197 1565 ea
224 1501 410 1567 deformitas
434 1504 499 1567 oris
523 1504 703 1588 interrogat
729 1503 870 1568 fratrem.
915 1503 973 1567 illo
996 1503 1104 1587 locum
1126 1507 1159 1568 et
1182 1503 1341 1587 proelium

157 1590 323 1676 referente,
347 1592 508 1676 quodnam
531 1594 710 1677 praemium
732 1593 905 1676 recepisset
928 1592 1077 1677 exquirit.
1107 1592 1226 1656 Flavus
1245 1598 1340 1657 aucta
1354 1620 1381 1661 ιο

158 1681 326 1764 stipendia,
349 1684 497 1765 torquem
521 1687 553 1745 et
577 1703 728 1747 coronam
752 1680 878 1765 aliaque
901 1681 1054 1745 militaria
1072 1682 1157 1746 dona
1174 1686 1340 1762 memorat,

157 1768 317 1833 inridente
342 1769 487 1835 Arminio
510 1770 589 1835 vilia
612 1771 735 1834 servitii
758 1772 871 1854 pretia.

246 1857 334 1922 Exin
357 1859 474 1923 diversi
497 1860 677 1943 ordiuntur,
700 1859 754 1924 hie
776 1859 1031 1945 magnitudinem
1051 1859 1240 1943 Romanam,
1263 1881 1340 1943 opes
1351 1860 1394 1926 10

159 1943 303 2011 Caesaris
332 1952 365 2011 et
387 1947 481 2012 victis
507 1970 619 2033 graves
642 1969 776 2034 poenas,
805 1951 839 2013 in
862 1949 1057 2013 deditionem
1083 1949 1226 2014 venienti
1248 1972 1340 2033 para·

158 2039 225 2099 tam
262 2037 476 2122 clementiam
517 2059 622 2122 neque
659 2039 828 2122 coniugem
865 2042 897 2101 et
932 2038 1036 2102 filium
1073 2038 1141 2104 eius
1177 2039 1340 2104 hostiliter

157 2123 282 2189 haberi:
305 2125 361 2189 ille
384 2126 433 2190 fas
451 2126 583 2212 patriae,
606 2126 790 2191 libertatem
809 2127 937 2210 avitam,
959 2128 1134 2211 penetralis
1150 2126 1339 2193 Germaniae

158 2212 249 2297 deos,
279 2216 412 2278 matrem
440 2236 571 2299 precum
600 2215 733 2299 sociam3
760 2236 802 2279 ne
828 2218 1085 2300 propinquorum
1113 2220 1145 2282 et
1175 2217 1338 2301 adfinium,
1366 2244 1378 2286 s

158 2302 296 2386 denique
318 2304 424 2387 gentis
449 2325 524 2368 suae
551 2303 695 2369 desertor
722 2307 754 2367 et
782 2304 929 2387 proditor
952 2326 1047 2388 quam
1071 2308 1246 2389 imperator
1268 2328 1338 2370 esse

157 2390 276 2455 mallet.
322 2391 478 2475 paulatim
506 2392 581 2458 inde
609 2393 650 2457 ad
677 2392 784 2477 iurgia
814 2393 956 2477 prolapsi
979 2416 1043 2476 quo
1066 2395 1172 2459 minus
1195 2417 1338 2480 pugnam
1383 2393 1386 2400 ’

156 2481 362 2545 'consererent
397 2502 438 2545 ne
474 2482 607 2546 flumine
645 2481 774 2567 quidem
812 2482 980 2546 interiecto
1017 2482 1263 2565 cohibebantur,
1304 2484 1338 2548 ni

157 2567 332 2634 Stertinius
362 2569 534 2636 adcurrens
564 2572 697 2655 plenum
728 2570 794 2635 irae
822 2593 974 2656 armaque
1001 2575 1033 2636 et
1061 2593 1178 2655 equum
1205 2593 1337 2658 poscen-

157 2665 223 2722 tem
264 2658 398 2724 Flavum
439 2660 640 2725 adtinuisset.
713 2659 903 2724 cernebatur
943 2664 1055 2725 contra
1095 2662 1337 2727 minitabundus
1351 2690 1378 2731 ro

156 2816 319 2885 notwendig
333 2816 378 2869 fdr
392 2817 448 2871 den
462 2817 525 2871 rau
539 2816 718 2887 einespldtz-
772 2817 830 2871 lich
850 2817 892 2871 Ti.
911 2818 999 2871 Iulius
1018 2818 1129 2873 Flavus.
1157 2850 1192 2859 -
1217 2822 1337 2891 iusignia

156 2885 250 2940 lichen
268 2886 442 2957 Riiekzuges.
466 2888 520 2941 Mit
539 2889 603 2952 dem
621 2888 718 2943 Plural
772 2888 819 2942 bei
842 2890 895 2957 fide
920 2890 1168 2960 ‘ausgeaeichnet’,
1193 2891 1240 2944 bei
1258 2894 1335 2947 ecreto
1408 2895 1411 2900 ’

155 2957 194 3012 ist
212 2975 266 3011 nur
283 2959 358 3012 eine
378 2959 487 3013 Brdeke
506 2961 639 3030 gemeint‚
664 2961 718 3014 wie
773 2960 969 3029 ‘gezeichnet'.

157 3045 179 3081 c.
200 3035 232 3083 11
253 3030 312 3082 und
330 3030 411 3084 dfter.
449 3030 627 3101 (‘Pontons’.)
809 3038 833 3084 6.
857 3031 939 3086 Nach
957 3034 1094 3101 pammac
1117 3037 1237 3101 ergtnze
1261 3036 1334 3088 etwa

193 3105 234 3154 13.
259 3100 352 3154 Wenn
372 3101 422 3155 der
439 3100 530 3156 Name
548 3103 653 3172 richtig
671 3103 717 3169 ist,
772 3105 945 3172 imperatoris
981 3104 1166 3159 deducitura
1203 3106 1334 3161 Stertinio

156 3187 186 3224 so
205 3171 257 3224 hat
271 3171 385 3226 Tacitus
406 3173 459 3226 den
475 3174 586 3227 Marseh
601 3191 654 3228 von
669 3174 719 3227 der
773 3173 965 3244 (Nipperdey).

155 3244 273 3296 unteren
296 3243 362 3298 Ems
381 3243 424 3297 bis
450 3245 495 3299 ins
513 3244 716 3315 Wesergebiet,
808 3268 832 3316 7⁸
854 3281 907 3333 pm,
925 3266 989 3334 „pa
1017 3284 1038 3319 Β,
1058 3283 1092 3318 zu
1111 3282 1134 3319 ὓ,
1155 3271 1196 3317 13,

157 3313 206 3366 der
230 3314 261 3367 in
287 3314 475 3369 sfiddstlicher
501 3316 607 3369 Richtu
675 3333 717 3370 er·
991 3307 997 3330 ’
1054 3356 1060 3367 .
1139 3356 1144 3366 .
1308 3354 1314 3365 .

155 3383 717 3512 331apamoaagnen-.gnn
770 3340 1332 3495 attestatorecuratione}

268 3473 715 3584 iurum
848 3513 879 3548 m
1120 3515 1140 3550 s·
1254 3501 1269 3561 a
1289 3501 1332 3596 ‚20-

156 3598 206 3650 der
229 3596 376 3667 letztgrgn,
409 3619 431 3655 Β,
454 3600 715 3671 nipe-Andrean.
808 3589 849 3666 12.
873 3592 994 3666 ,cervara
1021 3584 1104 3637 dafur
1128 3585 1183 3638 dass
1207 3601 1237 3638 er
1256 3601 1332 3639 seme

155 3667 275 3737 (Ciefers
298 3670 395 3724 wollte
418 3671 480 3725 hier
502 3673 562 3725 und
586 3689 608 3726 e.
629 3678 671 3741 22,
691 3680 716 3741 6,
769 3654 895 3708 Fselhffll
914 3655 1057 3741 lefkffuffl
1118 3728 1124 3738 ,
1218 3728 1223 3739 ,

154 3738 318 3809 Nipperdey
337 3741 408 3795 auch
424 3760 446 3797 0,
462 3749 505 3810 24,
522 3749 554 3797 15
574 3744 619 3797 die
633 3746 716 3797 west,
807 3725 856 3781 lo.
895 3733 918 3780 1.
956 3727 1331 3782 droersa‘m1tstre1tenden

154 3810 212 3864 lich
231 3829 285 3866 von
303 3813 353 3866 der
371 3813 437 3869 Ems
456 3815 632 3869 wohnenden
650 3815 716 3868 Am·
768 3797 909 3880 W⁰1l⁵0¹1'3
1015 3872 1027 3885 ..
1074 3870 1080 3881 ‚
1264 3870 1270 3882 Ι

154 3882 291 3950 psivarier
309 3885 469 3955 metm)
806 3874 830 3921 3.
867 3870 968 3937 sttruos,
995 3869 1118 3923 namhch
1142 3868 1330 3924 Thumehous.

190 3954 219 4009 o.
245 3961 268 4008 1.
292 3957 446 4024 interfluere
464 3957 517 4010 mit
536 3958 600 4011 dem
619 3956 715 4010 Akku-
769 3971 803 3979 ·-
823 3943 889 4007 eius,
908 3942 927 3994 i·
947 3958 970 3994 θ·
989 3940 1122 4023 ΑΥΨῘΠῘῙῑ
1138 3941 1195 4023 ,VEL
1212 3947 1294 4028 1258·

154 4025 239 4092 sativ,
262 4027 316 4079 wie
338 4027 404 4082 hist.
429 4035 454 4094 3,
474 4035 499 4095 5,
523 4029 596 4082 auch
619 4029 714 4082 Livius
805 4017 829 4065 4·
854 4014 1004 4095 mitade?
1026 4012 1196 4094 dlsslllfflflssh
1218 4012 1264 4065 fils
1282 4030 1330 4082 ΡΘ·

152 4096 212 4149 und
231 4095 350 4152 curtius,
385 4098 499 4169 spgtffi
519 4100 714 4154 hommem„
768 4090 859 4149 natea
886 4083 947 4137 hier
971 4083 1016 4136 dre
1035 4083 1199 4137 nationalen
1223 4081 1330 4138 Cotter.

154 4184 184 4221 so
204 4169 276 4222 auch
295 4172 456 4226 interlucere
473 4171 532 4224 und
549 4174 700 4227 toleratura.
806 4178 829 4226 6.
853 4175 1002 4241 imperator
1021 4189 1073 4226 von
1092 4172 1330 4227 nichtrbmischen

190 4244 214 4293 a.
243 4244 373 4309 quartu
393 4243 445 4296 wie
466 4248 490 4308 e,
511 4249 553 4298 1s.
768 4242 959 4298 Heerfuhrern
977 4243 1050 4296 auch
1070 4251 1094 4311 a,
1113 4249 1161 4310 45³
1183 4250 1225 4310 12,
1246 4249 1287 4298 aa.

188 4316 213 4364 4.
233 4321 437 4383 coquamcbua
453 4313 575 4380 ‘Name',
590 4313 625 4366 cf.
637 4319 660 4379 1,
671 4319 714 4367 31.
805 4320 829 4368 8.
849 4314 1050 4379 cohibebantur,
1063 4317 1095 4369 ai
1109 4348 1143 4354 -
1158 4315 1328 4369 attinuerat.

188 4387 213 4435 t.
234 4382 343 4439 Flauus
355 4385 394 4438 ist
405 4385 455 4439 das
464 4390 533 4438 rdm.
544 4383 713 4453 Cognomen.
769 4383 832 4453 Vgl.
852 4383 924 4437 Einl.
946 4391 961 4448 ξ
983 4389 1042 4451 103,
1063 4392 1086 4439 1.

151 4451 190 4505 Er
212 4453 278 4507 hieu
303 4455 345 4509 als
370 4461 438 4510 rum.
463 4456 570 4525 Burger
594 4456 714 4509 vermut-
806 4460 847 4508 10.
871 4457 1038 4522 cernebatur,
1057 4474 1078 4508 s.
1098 4462 1123 4518 4,
1144 4461 1168 4511 7.
