3092 4834
212 260 256 326 96
364 261 393 315 Ρ.
414 233 586 315 scarnen
603 259 725 315 raoni
744 260 792 314 aa
811 259 972 315 arcesso
992 260 1070 315 nivi
1087 259 1247 316 accuser

183 425 267 491 salii
293 424 399 489 taedio
427 445 529 489 novae
557 445 651 490 curae
679 422 778 489 semel
804 424 925 509 placita
951 445 1010 507 pro
1039 424 1178 489 aeternis
1207 427 1394 510 servavisse,

211 513 340 599 quidam
367 514 502 597 invidia,
529 535 570 579 ne
592 513 701 599 plures
724 512 922 598 fruerentur3
951 516 1028 578 sunt
1051 514 1107 597 qui
1130 515 1327 598 existiment,
1355 520 1393 582 ut

211 603 363 670 callidum
395 602 464 667 eius
497 602 677 688 ingenium,
714 603 760 667 ita
792 601 923 667 anxium
956 602 1119 667 iudicium.
1168 626 1273 689 neque
1306 605 1392 670 enim

211 692 380 757 eminentis
421 692 557 757 virtutes
599 690 796 775 sectabatur,
832 695 865 755 et
900 713 1029 757 rursum
1065 692 1145 755 vitia
1182 693 1306 758 oderat:
1352 717 1391 759 ex

210 782 342 867 optimis
377 782 557 866 periculum
594 781 669 865 sibi,
709 803 729 845 a
764 780 911 865 pessimis
953 780 1089 846 dedecus
1126 781 1292 865 publicum
1329 806 1390 848 me-

170 897 197 937 ro
211 870 331 936 tuebat.
396 892 460 954 qua
499 869 711 935 haesitatione
752 873 915 953 postremo
958 891 995 933 eo
1037 874 1210 954 provectus
1252 876 1313 958 est,
1354 876 1390 937 ut

210 959 409 1025 mandaverit
437 959 628 1043 quibusdam
656 959 853 1043 provincias,
882 979 963 1044 quos
992 959 1101 1044 egredi
1128 960 1207 1025 urbe
1234 983 1300 1026 non
1324 966 1391 1027 erat

232 1069 370 1114 ussurus.

165 1072 230 1204 81p
299 1137 349 1203 De
373 1137 513 1202 comitiis
536 1136 772 1219 consularibus,
800 1159 882 1221 quae
910 1140 980 1201 tum
1003 1138 1144 1222 primum
1166 1138 1224 1203 illo
1247 1140 1392 1225 principe

209 1249 248 1293 ac
275 1227 424 1313 deinceps
453 1226 556 1312 fuere,
583 1227 639 1290 rix
667 1227 841 1310 quicquam
863 1227 991 1290 firmare
1018 1226 1135 1291 ausim:
1163 1227 1241 1292 adeo
1265 1228 1391 1294 diversa

209 1339 276 1383 non
297 1315 393 1381 modo
418 1316 504 1400 apud
526 1319 681 1398 auctores,
705 1315 761 1380 sed
784 1315 820 1381 in
836 1316 940 1399 ipsius
959 1314 1159 1381 orationibus
1177 1317 1390 1402 reperiuntur.

208 1406 306 1471 modo
341 1405 515 1472 subtractis
549 1405 790 1470 candidatorum
827 1404 1013 1469 nominibus
1045 1405 1202 1489 originem
1234 1407 1390 1491 cuiusque

181 1499 242 1562 ost
269 1496 369 1560 vitam
396 1499 430 1559 et
457 1494 618 1580 stipendia
645 1494 827 1578 descripsit,
855 1496 892 1557 ut
920 1493 976 1577 qui
1002 1493 1109 1558 forent
1137 1494 1389 1580 intellegeretur3

209 1584 382 1669 aliquando
414 1605 452 1648 ea
484 1605 613 1668 quoque
645 1582 882 1668 significatione
910 1583 1073 1647 subtracta
1103 1582 1288 1648 candidatos
1316 1584 1388 1647 hor·

208 1677 309 1759 tatus,
336 1696 377 1738 ne
406 1672 530 1737 ambitu
558 1672 690 1738 comitia
716 1673 897 1754 turbarent,
925 1694 1017 1736 suam
1044 1673 1085 1735 ad
1107 1673 1141 1737 id
1163 1694 1272 1735 curam
1294 1672 1387 1756 polii·

208 1762 292 1828 citus
321 1767 378 1827 est.
423 1761 615 1847 plerumque
643 1782 697 1824 eos
720 1764 847 1824 tantum
870 1761 956 1846 apud
984 1783 1018 1826 se
1041 1762 1203 1847 professos
1227 1761 1388 1845 disseruit,

208 1872 345 1934 quorum
372 1851 505 1915 nomina
532 1849 718 1914 consulibus
746 1849 911 1934 edidisset3
944 1872 1038 1934 posse
1065 1854 1098 1914 et
1125 1851 1206 1915 alios
1233 1851 1388 1935 profiteri,

169 1966 195 2006 ro
209 1942 236 2004 si
268 1942 390 2026 gratiae
420 1944 477 2004 aut
505 1939 629 2004 meritis
657 1939 866 2003 confiderent:
895 1939 1039 2022 speciosa
1066 1940 1187 2020 vorbis,
1218 1962 1253 2004 re
1280 1940 1389 2006 inania

208 2033 265 2094 aut
291 2028 438 2110 subdola,
470 2031 656 2113 quantoque
682 2029 805 2094 maiore
831 2028 990 2094 libertatis
1018 2029 1159 2115 imagine
1186 2030 1387 2116 tegebantur,

208 2121 299 2182 tanto
323 2121 476 2202 eruptura
499 2117 540 2181 ad
562 2116 719 2183 infensius
744 2118 920 2182 servitium.

207 2309 373 2377 Provinzen,
410 2312 440 2364 in
473 2311 564 2364 denen
596 2310 662 2364 kein
694 2310 768 2363 Heer
824 2310 888 2363 dem
898 2310 997 2363 Kaisar
1011 2328 1045 2363 zu
1059 2311 1181 2377 melden,
1197 2311 1247 2365 der
1261 2311 1322 2366 sich
1336 2312 1386 2365 das

208 2382 304 2450 stand,
328 2381 382 2435 wie
407 2401 429 2436 a.
453 2382 484 2436 B.
510 2382 541 2436 in
566 2381 679 2437 Gallien
709 2382 768 2435 und
823 2381 914 2435 Reoht
942 2380 1112 2447 vorbehielt‚
1145 2382 1297 2436 hochstens
1329 2382 1388 2438 vier

208 2453 261 2508 auf
276 2453 377 2508 Inseln.
824 2469 877 2506 von
885 2452 1386 2523 ihnendemSenatevorzuschlagen.

245 2530 286 2580 10.
323 2533 356 2582 ut
386 2525 566 2581 mundaverit.
603 2523 668 2595 vgl.
695 2522 767 2577 Einl.
823 2523 907 2578 Dicae
931 2523 990 2576 vior
1013 2523 1129 2575 mutten
1151 2522 1316 2593 notwondig
1338 2523 1385 2577 be·

208 2603 224 2662 §
244 2602 287 2651 98.
823 2593 1012 2663 rucksicbtigt
1029 2594 1150 2647 werden¹

244 2667 293 2722 81.
324 2675 347 2722 1.
371 2655 447 2721 iiber
466 2667 512 2721 die
531 2683 594 2720 vom
613 2666 715 2719 Senate
734 2683 769 2717 zu
860 2671 884 2718 5.
922 2666 1072 2733 descripsit.
1119 2663 1184 2718 Wie
1215 2682 1248 2719 ea
1280 2683 1385 2735 quoque

207 2737 400 2792 vollziehende
425 2737 511 2792 Wahl
543 2738 593 2791 dor
624 2736 769 2803 Beamten‚
823 2737 1024 2807 specificatione
1042 2737 1184 2790 subtracta
1202 2736 1240 2806 (Z.
1257 2741 1284 2806 6)
1302 2738 1385 2808 zeigt

208 2809 255 2863 die
275 2810 350 2864 auch
370 2809 443 2877 jetzt
460 2809 533 2862 noch
552 2808 673 2863 Comitia
694 2808 768 2875 hiet,
823 2808 903 2861 nicht
939 2807 1046 2861 sowohl
1085 2806 1302 2874 ‘beschreiben’,
1343 2808 1385 2863 als

208 2898 231 2934 a.
255 2898 289 2933 zu
312 2897 335 2933 c.
363 2886 406 2934 15.
455 2880 526 2933 Eine
559 2878 770 2934 Prttorenwahl
825 2878 1021 2945 ‘bezeichnen
1054 2878 1201 2948 enepielen
1228 2879 1297 2934 auf’.
1349 2879 1385 2934 So

207 2951 281 3004 nach
306 2951 370 3005 dem
392 2966 484 3005 neuen
502 2951 602 3005 Modus
625 2952 706 3005 hatte
729 2950 769 3003 im
824 2951 911 3005 sebon
934 2949 991 3004 Cic.
1015 2967 1066 3019 pro
1091 2949 1160 3005 Sull.
1185 2955 1233 3017 29,
1257 2957 1291 3006 82
1318 2953 1386 3021 quio

207 3021 770 3148 tererestereres
823 3021 1384 3150 reciprocaciter·

207 3180 271 3217 vom
295 3164 396 3218 senate
419 3164 556 3232 gevam,
579 3163 644 3218 wen
662 3163 703 3218 ⁸10
721 3163 769 3217 se·
821 3137 903 3234 ,eeu
931 3113 1111 3234 ademto
1138 3166 1289 3235 messe,
1317 3164 1383 3220 am.

209 3235 278 3289 reits
296 3252 361 3289 vom
379 3234 471 3290 Volke
494 3236 649 3305 designiert
666 3251 769 3289 waren.
825 3243 849 3304 1,
860 3241 885 3303 9,
894 3241 928 3289 20
938 3238 990 3300 illi,
1004 3254 1070 3305 quos
1078 3253 1159 3304 caepe
1188 3238 1193 3249 '
1230 3238 1385 3320 ifieoaepue

245 3307 671 3376 2.firmurecf.13,14;6,6.
708 3306 769 3361 Den
824 3308 938 3376 appello.
977 3306 1003 3360 S.
1029 3254 1279 3377 tinguebfflll„
1308 3307 1385 3362 sola

208 3365 362 3449 iibergang
394 3396 427 3431 zo
461 3379 641 3433 ‘versichern’
671 3377 769 3448 zeigen
823 3397 850 3448 p.
870 3383 931 3432 559.

209 3449 316 3504 Stellen
334 3449 388 3504 wie
406 3449 433 3503 b.
454 3449 485 3504 G.
506 3455 531 3518 8,
550 3455 594 3518 48,
613 3454 629 3503 8
648 3466 726 3519 seque
744 3456 771 3505 et
861 3455 902 3502 10.
939 3452 1060 3518 speciosa
1093 3482 1126 3489 -
1158 3451 1281 3506 aubdolc.
1319 3448 1384 3504 Scin

208 3523 249 3576 eti
269 3524 409 3590 fcturum,
432 3522 482 3576 ubi
500 3522 722 3591 praescripserit,
745 3528 771 3575 et
826 3520 911 3576 Wille
933 3521 1085 3575 herrschto.
1123 3520 1215 3575 Weha
1234 3521 1310 3588 dem,
1335 3521 1385 3576 der

208 3595 413 3661 refecturum,
436 3611 505 3662 quae
523 3595 680 3662 imperarit,
699 3594 768 3648 ebai-
824 3592 885 3652 sein
921 3593 1053 3663 Angebot
1088 3609 1143 3646 von
1179 3591 1304 3647 Freiheit
1339 3591 1385 3646 fur

209 3667 291 3721 debus
308 3667 409 3734 firosat.
824 3663 893 3718 bare
911 3663 1011 3718 Munus
1035 3664 1122 3717 nahm
1144 3664 1203 3716 und
1227 3664 1286 3717 sich
1309 3663 1385 3718 ihrer

244 3743 269 3789 4.
288 3735 341 3790 Die
361 3735 507 3789 Bewerber
524 3735 625 3789 hatten
644 3734 704 3789 sich
714 3734 769 3788 -bei
824 3735 968 3789 bedientel
