3092 4834
229 245 296 311 264
375 246 406 300 Ρ.
426 244 598 302 CORNELII
616 242 738 299 TAOITI
756 242 805 298 ΑΒ
823 243 985 300 Excessu
1002 244 1081 300 DIVI
1099 245 1259 302 AUGUSTI

230 408 370 473 formam
394 412 625 491 acciperentur.
663 406 696 471 id
716 406 790 471 aliis
810 429 937 492 quoque
956 407 1144 473 nationibus
1163 409 1297 473 arduum
1318 412 1412 494 apud

230 496 409 562 Germanos
451 496 612 561 difficilius
652 495 868 578 tolerabatur,
909 497 980 580 quis
1017 496 1200 582 ingentium
1236 498 1412 564 beluarum

228 584 351 650 feraces
380 586 499 668 saltus,
527 583 654 649 modica
681 583 769 650 domi
798 590 946 650 armenta
974 589 1058 650 sunt.
1108 607 1146 650 ac
1172 586 1277 670 primo
1305 587 1410 653 boves
1520 616 1537 645 s

177 690 212 738 10
231 674 334 757 ipsos,
362 695 438 738 mox
464 694 575 760 agros,
602 677 767 756 postremo
791 695 928 757 corpora
952 674 1126 759 coniugum
1150 679 1206 739 aut
1228 675 1410 741 liberorum

231 763 362 827 servitio
386 763 568 827 tradebant.
609 761 685 826 hinc
707 762 757 826 ira
781 765 814 826 et
835 766 977 845 questus,
1001 766 1035 826 et
1052 765 1226 845 postquam
1246 785 1311 829 non
1331 767 1409 830 sub·

228 851 427 933 veniebatur,
445 850 621 915 remedium
641 872 680 914 ex
697 850 792 914 bello.
825 852 911 934 rapti
927 851 981 935 qui
996 850 1119 916 tributo
1135 852 1270 917 aderant
1283 853 1407 918 milites

230 945 262 1004 et
291 940 437 1024 patibulo
462 939 571 1004 adfixi:
600 937 756 1003 Olennius
780 938 926 1003 infensos
948 939 1027 1024 fuga
1050 941 1230 1026 praevenit,
1257 946 1407 1025 receptus

229 1028 378 1112 castello,
406 1027 457 1094 oui
485 1049 604 1092 nomen
631 1026 784 1109 Flevum3
812 1031 845 1090 et
871 1027 958 1091 haud
987 1029 1168 1111 spernenda
1193 1030 1261 1094 illic
1284 1030 1407 1094 civium

178 1132 210 1181 15
230 1115 456 1200 sociorumque
480 1138 594 1181 manus
617 1115 717 1181 litora
740 1114 861 1180 Oceani
884 1116 1097 1198 praesidebat.

178 1205 220 1270 73
321 1204 412 1280 Quod
440 1205 497 1269 ubi
524 1204 559 1269 L.
583 1205 727 1288 Apronio
755 1203 921 1268 inferioris
949 1203 1138 1270 Germaniae
1166 1228 1224 1289 pro
1254 1211 1406 1290 praetore

230 1294 413 1378 cognitum,
439 1293 558 1358 vexilla
585 1294 751 1377 legionum
777 1314 794 1356 5
818 1294 983 1376 superiore
1007 1293 1172 1378 provincia
1195 1294 1405 1380 peditumque

230 1387 263 1446 et
293 1382 438 1466 equitum
471 1381 675 1446 auxiliarium
708 1382 850 1447 delectos
885 1381 1002 1446 accivit
1034 1404 1072 1446 ac
1105 1383 1202 1447 simul
1232 1388 1405 1468 utrumque

229 1474 405 1535 exercitum
435 1470 549 1535 Rheno
576 1470 744 1535 devectum
766 1469 881 1534 Frisiis
903 1469 1028 1554 intulit,
1057 1471 1165 1536 soluto
1189 1472 1256 1536 iam
1279 1474 1404 1537 castelli

193 1574 209 1622 5
230 1559 356 1624 obsidio
381 1564 414 1624 ct
434 1559 474 1624 ad
494 1581 553 1623 sua
571 1559 710 1623 tutanda
729 1558 891 1642 degressis
910 1559 1095 1624 rebellibus.
1136 1559 1238 1643 igitur
1257 1561 1406 1644 proxima

229 1649 392 1713 aestuaria
425 1648 599 1732 aggeribus
633 1650 666 1711 et
697 1647 850 1731 pontibus
881 1647 1081 1711 traducendo
1110 1649 1254 1730 graviori
1281 1651 1406 1734 agmini

228 1738 346 1801 firmat.
403 1741 499 1822 atque
532 1736 663 1800 interim
696 1734 833 1820 repertis
861 1734 952 1799 vadis
981 1736 1067 1800 alam
1095 1735 1345 1802 Canninefatem
1374 1742 1407 1804 et

230 1826 315 1911 quod
336 1825 481 1910 peditum
501 1824 737 1889 Germanorum
760 1823 847 1888 inter
870 1827 999 1889 nostros
1019 1826 1166 1889 merebat
1189 1826 1406 1911 circumgredi

228 1917 322 1997 terga
350 1914 492 1979 hostium
520 1913 623 1996 iubet,
651 1913 707 1996 qui
733 1911 800 1976 iam
828 1912 895 1976 acie
924 1913 1096 1998 compositi
1124 1915 1254 1996 pellunt
1279 1918 1405 1982 turmas

177 2017 210 2064 10
229 2002 365 2067 sociales
392 2003 580 2087 equitesque
603 2002 769 2086 legionum
794 2000 939 2066 subsidio
963 2003 1090 2067 missos.
1135 2007 1206 2067 tum
1229 2007 1296 2067 tres
1315 2004 1404 2069 leves

229 2090 380 2154 cohortes
399 2113 436 2154 ac
454 2111 581 2154 rursum
602 2091 693 2175 duae,
715 2090 790 2154 dein
808 2093 954 2173 tempore
973 2089 1143 2155 interiecto
1163 2092 1286 2155 alarius
1305 2114 1405 2177 eques

228 2177 398 2242 inmissus:
426 2178 507 2242 satis
536 2179 648 2259 validi,
677 2180 704 2242 si
728 2179 825 2242 simul
848 2177 1085 2261 incubuissent,
1113 2200 1170 2262 per
1195 2179 1404 2244 intervallum

229 2266 441 2332 adventantes
468 2288 571 2350 neque
600 2261 820 2332 constantiam
849 2266 1039 2331 addiderant
1060 2266 1203 2332 turbatis
1228 2272 1261 2332 et
1282 2291 1404 2352 pavore

227 2355 424 2440 fugientium
461 2355 697 2420 auferebantur.
762 2352 908 2439 Cethego
945 2354 1091 2421 Labeoni
1128 2356 1239 2440 legato
1270 2358 1403 2440 quintae

175 2458 208 2507 15
227 2445 367 2530 legionis
401 2445 485 2530 quod
518 2444 678 2527 reliquum
709 2444 903 2507 auxiliorum
931 2443 1041 2508 tradit.
1096 2447 1191 2528 atque
1219 2445 1275 2508 ille
1304 2446 1402 2510 dubia

228 2555 358 2598 suorum
386 2556 420 2598 rc
446 2534 481 2597 in
505 2553 622 2616 anceps
645 2535 769 2596 tractus
795 2531 904 2595 missis
928 2531 1050 2595 nuntiis
1074 2533 1139 2596 vim
1165 2533 1332 2617 legionum
1355 2534 1405 2599 in·

226 2622 388 2705 plorabat.
430 2625 646 2707 prorumpunt
670 2620 820 2705 quintani
844 2623 919 2684 ante
939 2620 1020 2685 alios
1040 2625 1073 2685 et
1093 2622 1160 2685 acri
1179 2642 1290 2705 pugna
1307 2623 1401 2687 hoste

227 2777 410 2832 Germaniens
446 2794 554 2846 waren,
595 2778 702 2832 konnte
739 2776 785 2831 die
876 2781 901 2832 2.
938 2777 1040 2831 veoeillc
1072 2776 1135 2830 sind
1167 2777 1403 2833 wahrscheinlich

226 2848 300 2918 Jagd
314 2850 386 2904 doch
400 2847 786 2914 nichtdenBedarfdeolren,
840 2849 1058 2902 Detachements
1077 2846 1127 2901 der
1145 2847 1278 2904 Reiterei.

226 2921 283 2972 und
307 2919 357 2974 das
375 2922 471 2973 zahme
491 2918 631 2973 Rindvich
652 2936 709 2972 war
728 2917 786 2972 viel
877 2920 1151 2987 animantiumque
1164 2921 1320 2988 marottam,
1335 2920 1361 2974 d.
1375 2921 1403 2975 h.

226 2987 335 3041 kleiuer
357 2989 416 3042 und
439 2989 569 3057 geringer
593 3007 628 3041 an
652 2988 721 3042 Zahl
744 2989 787 3042 als
841 2990 949 3043 sowohl
968 2990 1043 3044 seiae
1064 2989 1182 3059 cigenen
1202 2991 1335 3060 Truppen
1353 3007 1404 3045 aus

227 3058 273 3112 bei
293 3059 415 3112 anderen
433 3059 583 3113 Nationen.
841 3060 891 3112 der
909 3061 1027 3113 unteren
1046 3059 1089 3113 als
1109 3062 1181 3115 auch
1201 3059 1246 3115 die
1268 3062 1404 3116 Detache·

264 3150 305 3199 12¹
324 3132 399 3199 Uber
421 3146 475 3199 den
493 3145 580 3200 Μὶν
602 3146 705 3200 tributo
729 3146 788 3200 qur
841 3132 934 3185 ments
953 3145 1002 3183 aas
1017 3131 1066 3185 der
1085 3131 1189 3186 oberen
1207 3131 1335 3187 Provinz.

226 3215 414 3353 pippinum
442 3217 491 3271 res
517 3215 641 3270 555555
672 3234 694 3271 s.
713 3215 787 3271 nini.
842 3202 1074 3340 cpeudgqrgrw
1116 3203 1310 3271 ‘aagezogenn
1350 3201 1404 3258 wie

575 3374 581 3387 ·
878 3348 902 3396 5.
912 3344 1081 3397 traducendo
1095 3349 1139 3399 ott.
1164 3345 1190 3399 S.
1196 3342 1270 3398 Einl.
1281 3350 1304 3409 §-
1312 3348 1362 3398 109
1376 3345 1403 3399 b.

225 3375 454 3502 Auqqussrteqqp.
467 3374 788 3515 sessimhleviseldlidhsilceli
879 3419 903 3468 ⁷·
922 3412 973 3466 Die
990 3413 1192 3481 oannimfam
1210 3415 1342 3470 w⁰hnt⁰¹¹
1355 3386 1405 3470 ”inf

842 3484 892 3538 der
910 3483 1094 3538 batavischen
1108 3484 1183 3539 lnsel
1201 3479 1342 3541 zwischen
1356 3486 1405 3540 der

226 3520 787 3590 e

226 3660 788 3802 551555515555555
841 3629 1062 3766 aaran
1076 3628 1405 3769 mala

392 3802 398 3814 .
443 3804 449 3815 .
498 3803 504 3814 .
693 3801 699 3812 .
861 3784 894 3821 ar
926 3768 1054 3823 Batavis.
1104 3767 1136 3822 In
1174 3768 1229 3823 den
1261 3768 1404 3823 Historieu

226 3804 542 3929 ansteum
556 3801 788 3927 15555155
1034 3838 1077 3892 os

226 3945 294 4014 ling.
328 3944 379 4027 Die
398 3944 589 4025 benachbarte
607 3942 787 3998 Meeresstro-
841 3978 995 4034 ninefaten·

226 4033 313 4083 mung
331 4015 418 4069 hersst
436 4015 486 4069 der
509 4013 666 4069 Vlrestrom.
879 4056 921 4105 13·
944 4067 1030 4120 mque
1053 4082 1088 4091 -
1111 4057 1136 4106 et
1159 4077 1192 4097 Ξ
1216 4046 1282 4106 οὔτε
1307 4081 1341 4091 -
1363 4069 1403 4120 τε,

264 4110 304 4158 15.
324 4090 400 4158 Uber
414 4105 571 4172 praesidere
589 4102 643 4156 mit
657 4102 720 4157 dem
734 4102 788 4158 Ac·
844 4120 935 4175 ‘niobe
953 4138 1007 4174 nur
1024 4120 1116 4190 nicht,
1135 4122 1278 4178 condem&

227 4173 375 4228 0118151118·
396 4179 532 4243 suase.
879 4192 1040 4260 15159515.
1080 4194 1132 4247 Die
1156 4194 1296 4262 Legaten,
1320 4194 1404 4247 deren

263 4259 311 4314 73.
329 4267 352 4314 1.
362 4261 508 4328 Apronius
526 4260 565 4317 ist
583 4263 719 4330 derselbe‚
739 4262 789 4317 der
838 4261 921 4332 jeder
946 4262 1009 4315 eine
1031 4263 1140 4332 Legion
1161 4263 1314 4333 befehligt,
1342 4261 1405 4318 sind

228 4347 281 4386 von
297 4336 330 4384 18
344 4330 387 4384 bis
401 4336 436 4384 20
451 4331 607 4388 Prokonsul
621 4350 676 4388 von
689 4332 789 4388 Afrika
842 4333 922 4387 nicht
940 4350 975 4386 au
988 4335 1178 4388 norwechseln
1191 4334 1245 4387 mit
1258 4336 1323 4389 dem
1337 4334 1404 4388 Pro·

225 4417 356 4470 genesen
374 4416 440 4456 war.
842 4407 939 4474 prator
958 4405 1073 4475 (apaan
1087 4420 1140 4474 pro
1155 4407 1299 4474 maerore).

878 3914 920 3962 10.
943 3910 1069 3978 sociatas,
1101 3909 1227 3965 namlich
1255 3910 1306 3964 der
1333 3907 1404 3964 Can·

1531 568 1537 612 l
