3092 4834
248 242 314 307 220
392 243 422 296 P.
442 239 616 296 CORNELII
634 240 754 296 TAGITI
773 241 822 294 AB
841 239 1003 297 EXOESSU
1021 239 1099 296 DIVI
1118 240 1278 296 AUGUSTI

195 407 239 469 12
337 402 489 469 Ceterum
506 404 660 469 laudante
678 404 782 469 filium
802 425 862 488 pro
884 403 1001 469 rostris
1021 402 1151 469 Tiberio
1172 406 1304 469 senatus
1323 425 1433 488 popu-

249 495 364 577 lusque
390 492 539 557 habitum
571 515 608 558 ac
635 513 732 557 voces
760 493 926 558 dolentum
955 492 1161 557 simulatione
1192 492 1298 577 magis
1326 515 1429 577 quam

249 583 354 647 libens
378 581 547 660 induebat,
569 581 763 665 domumque
788 579 974 646 Germanici
997 581 1192 646 revirescere
1216 580 1335 646 occulti
1358 581 1431 646 lae·

248 670 413 735 tabantur.
458 670 544 754 quod
568 669 761 755 principium
790 669 913 734 favoris
942 673 975 734 et
999 673 1105 734 mater
1126 669 1311 754 Agrippina
1334 692 1430 754 spem

212 758 334 823 emole
361 763 475 842 tegens
503 758 680 842 perniciem
708 758 939 823 adceleravere.
983 780 1061 823 nam
1087 755 1224 822 Seianus
1252 758 1310 822 ubi
1337 757 1432 824 videt

249 851 388 912 mortem
415 845 515 911 Drusi
547 844 685 912 inultam
714 846 993 929 interfectoribus,
1021 846 1092 911 sine
1122 867 1266 912 maerore
1294 847 1429 931 publico

249 957 329 1018 esse,
341 935 434 1001 ferox
449 936 617 1020 scelerum,
636 938 669 1000 et
688 935 764 1020 quia
779 935 886 1019 prima
899 938 1126 1019 provenerant,
1139 937 1287 999 volutare
1306 957 1430 1028 secum,

249 1046 389 1108 quonam
427 1024 522 1088 modo
555 1023 742 1089 Germanici
779 1023 899 1089 liberos
935 1027 1148 1109 perverteret,
1184 1045 1322 1108 quorum
1359 1046 1429 1089 non

249 1112 346 1178 dubia
389 1113 560 1177 successio.
618 1134 724 1197 neque
765 1114 876 1197 spargi
913 1133 1072 1177 venenum
1108 1112 1144 1176 in
1180 1117 1247 1177 tres
1284 1115 1428 1196 poterat,

196 1216 230 1266 10
249 1202 381 1286 egregia
411 1201 582 1266 custodum
613 1200 676 1265 fide
709 1206 743 1266 et
768 1201 927 1285 pudicitia
955 1200 1156 1286 Agrippinae
1183 1201 1428 1285 inpenetrabili.

248 1290 350 1376 igitur
373 1290 609 1354 contumaciam
638 1290 707 1354 eius
730 1290 896 1374 insectari,
920 1293 1013 1355 vetus
1036 1289 1205 1373 Augustae
1229 1290 1353 1374 odium,
1375 1310 1427 1356 re·

249 1382 375 1443 centem
393 1377 505 1443 Liviae
524 1378 757 1444 conscientiam
777 1379 952 1463 exagitare,
971 1382 1008 1443 ut
1028 1379 1199 1462 superbam
1218 1378 1428 1457 fecunditate,

249 1467 420 1531 subnixam
448 1467 660 1551 popularibus
689 1466 806 1532 studiis
833 1467 959 1531 inhiare
987 1467 1202 1532 dominationi
1231 1466 1316 1552 apud
1345 1465 1428 1533 an-

250 1576 356 1619 sarem
386 1560 570 1640 arguerent.
624 1559 722 1640 atque
754 1556 835 1620 haec
867 1554 994 1619 callidis
1027 1555 1309 1635 criminatoribus,
1340 1556 1428 1621 inter

197 1660 230 1707 16
250 1665 331 1729 quos
364 1644 529 1729 delegerat
561 1643 681 1709 Iulium
713 1642 921 1727 Postumum,
952 1665 1010 1728 per
1047 1643 1243 1708 adulterium
1276 1642 1427 1709 Mutiliae

249 1732 379 1798 Priscae
402 1733 487 1796 inter
509 1733 643 1797 intimos
668 1733 761 1797 aviae
785 1736 818 1796 et
842 1731 985 1797 consiliis
1009 1734 1078 1798 suis
1100 1732 1327 1815 peridoneum,
1350 1734 1427 1817 qnia
1527 1785 1528 1794 ,

248 1820 360 1886 Prisca
386 1821 421 1884 in
449 1821 557 1885 animo
582 1819 752 1906 Augustae
775 1820 884 1885 valida
912 1843 1009 1885 anum
1034 1824 1149 1905 suapte
1172 1824 1289 1886 natura
1312 1826 1427 1907 poten-

249 1909 316 1973 tiae
340 1908 469 1973 anxiam
492 1908 718 1974 insociabilem
741 1909 838 1974 nurui
861 1909 1033 1975 efficiebat.
1073 1908 1276 1995 Agrippinae
1299 1930 1427 1996 quoque
1527 1935 1528 1940 ¹

250 1997 391 2080 proximi
413 1997 644 2062 inliciebantur
666 1999 776 2081 pravis
800 1998 1003 2063 sermonibus
1029 1998 1173 2063 tumidos
1196 1998 1332 2082 spiritus
1355 2019 1428 2082 per·

196 2101 231 2149 20
252 2084 428 2149 stimulare.

286 2275 334 2331 12.
350 2282 375 2332 2.
394 2277 541 2333 dolentum.
560 2277 814 2334 Scanchealntan-

251 2352 309 2403 tum
319 2365 361 2417 cp.
372 2353 420 2414 413
442 2355 483 2417 11,
498 2354 541 2418 22,
554 2355 716 2421 gratantum
730 2354 756 2418 6,
770 2354 813 2405 60.

249 2418 381 2474 Poetisch
399 2421 456 2475 und
475 2419 696 2475 nachklsssiseh.

286 2523 311 2573 3.
321 2519 487 2573 reuirescere.
503 2515 559 2574 cie.
567 2519 603 2573 de
612 2534 691 2588 prov.
702 2523 814 2573 consli

250 2606 293 2642 nee
314 2619 349 2630 -
369 2590 408 2643 od
433 2590 621 2644 renovandam
649 2590 747 2644 beilum
773 2604 813 2644 re·

250 2661 391 2715 virescent.
421 2659 525 2715 Cernit.
539 2665 565 2728 4,
580 2666 615 2714 34
632 2661 814 2729 reipublicae

250 2732 373 2786 rationes
405 2732 507 2786 certate
538 2732 714 2801 optimatium
744 2733 813 2786 reni·

250 2807 362 2857 reorent.

287 2894 312 2945 5.
337 2895 426 2958 tepens
450 2890 521 2944 statt
543 2889 619 2944 einee
642 2889 815 2944 Verbalsub·

252 2960 381 3026 stantius,
403 2960 457 3013 wie
470 2976 513 3029 cp.
528 2965 564 3014 34
582 2967 607 3014 et
622 2960 724 3014 Caesar
741 2962 815 3015 traci

250 3031 330 3083 cultu
353 3029 534 3096 defensionen
562 3031 706 3099 accipiente.
749 3030 815 3084 Viel

250 3098 379 3168 hnufiger
405 3098 444 3153 ist
470 3100 499 3154 in
528 3099 621 3155 dieser
647 3099 817 3170 Bedeutung

252 3169 303 3222 das
323 3169 447 3238 Partinip
467 3170 515 3224 des
534 3169 654 3228 Passivs.

289 3272 313 3321 7.
328 3266 408 3334 seron
420 3269 556 3336 ecelermn,
570 3267 703 3338 1111132
718 3269 816 3338 animi,

251 3339 316 3392 hiet.
335 3339 535 3409 1361611111,
549 3338 631 3395 Ouid.
645 3341 712 3395 met.
726 3344 752 3408 8,
763 3345 815 3394 613

250 3411 399 3479 nuntioque
420 3411 508 3477 feroc.
526 3442 564 3452 -
579 3412 723 3481 provenire
745 3412 817 3467 etatt

249 3497 381 3550 prospere
405 3484 545 3538 succedere
564 3482 739 3552 ‘gelingen',
762 3481 816 3536 wie

252 3557 282 3618 1,
308 3557 341 3606 13
364 3553 414 3606 ati
432 3554 528 3622 prima
546 3555 736 3623 provenissent
757 3554 816 3608 und

252 3624 327 3678 diter
340 3621 371 3675 in
385 3623 438 3677 den
447 3623 591 3679 Historien
604 3624 662 3678 und
676 3626 814 3679 Annalen.

252 3726 286 3735 -
295 3694 420 3749 uolutare
434 3711 523 3749 secam
538 3694 645 3763 111113,
660 3701 708 3762 161
721 3696 816 3751 animo

251 3764 412 3832 bisonem
431 3765 509 3820 intra
527 3768 651 3821 animam
660 3770 813 3833 ann.4‚40.

252 3836 346 3891 Schon
361 3835 418 3892 Cic.
438 3836 473 3890 de
487 3853 545 3906 rep.
563 3843 586 3906 1,
607 3841 648 3904 17,
668 3842 703 3891 18
721 3838 816 3893 animo

251 3909 382 3962 uolutare.

289 4001 313 4049 3.
321 3996 425 4064 sperni.
440 3992 814 4066 vgl.cie.incan1.n,1o,2e

251 4081 380 4134 apernere
397 4083 500 4121 nenena
518 4067 683 4123 didicerant.

290 4166 332 4215 10.
351 4163 560 4230 inpenetrabniie
581 4163 815 4235 ‘unaugtnglieh

252 4231 459 4301 unbesiegbar’.

289 4334 333 4383 14.
352 4329 463 4384 callidio
476 4332 703 4388 criminatoribus
720 4332 760 4389 111
772 4333 815 4387 in-

253 4398 452 4455 strumentaler
470 4401 587 4457 Ablativ
605 4406 638 4473 (s.
653 4404 727 4459 Einl.
741 4409 765 4470 §.
780 4409 815 4460 36

867 2278 926 2332 und
944 2285 969 2346 6,
988 2283 1033 2347 44,
1051 2282 1080 2349 8)
1102 2279 1156 2333 mit
1177 2277 1298 2333 leichter
1321 2278 1428 2349 Ellipse
1527 2307 1528 2326 1

868 2350 943 2404 eines
961 2349 1086 2405 Verbum
1106 2350 1217 2419 agendi.

905 2426 947 2476 16.
960 2420 1061 2476 Prisca
1074 2421 1113 2475 ist
1126 2419 1172 2475 die
1185 2421 1259 2475 Fran
1273 2419 1323 2475 des
1333 2421 1428 2476 Fufius

868 2489 1012 2561 Geminus,
1024 2493 1075 2546 der
1087 2491 1128 2546 im
1141 2491 1167 2545 J.
1182 2496 1216 2546 33
1226 2492 1335 2546 Konsul
1348 2491 1428 2548 wird.

867 2561 909 2615 Im
938 2563 964 2617 J.
992 2568 1025 2616 81
1058 2578 1158 2630 wegen
1187 2563 1279 2617 seiner
1305 2564 1428 2618 Freund·
1526 2599 1527 2618 l

868 2631 962 2688 schalt
983 2633 1037 2687 mit
1056 2632 1141 2703 Sejan
1162 2633 1331 2703 angelrlagt,
1354 2637 1429 2690 tonet

869 2719 899 2757 er
930 2702 992 2757 sich
1018 2699 1203 2772 (ἀπάγγειλον
1230 2704 1264 2773 τῇ
1293 2706 1428 2779 γερουσίᾳ

868 2769 913 2828 ὅτι
939 2769 1013 2843 ἀνὴρ
1041 2770 1130 2836 οὕτως
1152 2771 1346 2845 ἀποθνήσκει,
1374 2776 1428 2831 Dio

868 2850 913 2912 68,
931 2846 969 2916 4),
987 2843 1096 2900 worout
1111 2844 1208 2901 Prisca
1227 2846 1287 2900 sich
1304 2862 1356 2902 vor
1374 2847 1429 2901 den

869 2919 969 2986 Augen
1000 2916 1050 2972 des
1081 2915 1197 2971 Senator
1229 2916 1366 2973 erdolcht.
1394 2948 1428 2958 -

869 2988 941 3042 inter
967 2988 1091 3054 intimos,
1124 3004 1182 3041 was
1214 3003 1245 3040 er
1273 2988 1345 3043 eben
1372 2992 1429 3043 eret

869 3058 957 3111 durch
972 3057 1032 3112 sein
1046 3057 1209 3112 Verhbltnis
1223 3076 1258 3112 au
1270 3057 1369 3114 Prisca
1381 3077 1429 3129 ge·
1524 3087 1525 3102 1

869 3129 983 3183 worden
1002 3145 1070 3185 war.
1107 3127 1163 3183 Fur
1185 3129 1235 3183 das
1258 3129 1429 3186 auffallende

869 3200 949 3253 aciae
975 3198 1101 3255 schreibt
1123 3199 1186 3254 Joh.
1211 3199 1313 3255 Mdller
1340 3202 1428 3269 outae,

869 3269 934 3323 sehr
951 3268 1184 3327 beachtenswert.

907 3341 1072 3397 1766111111.
1109 3341 1174 3410 Vgl.
1195 3343 1429 3410 146116111161
1523 3343 1524 3410 l

872 3411 1027 3482 Tipeilinae
1035 3414 1066 3466 in
1075 3414 1168 3468 animo
1173 3414 1327 3482 principia
1343 3419 1384 3483 16,
1394 3418 1428 3469 60
1523 3413 1524 3444 l

869 3487 1428 3637 mmmm

868 3624 998 3680 Annalen
1015 3625 1216 3695 ergentumlrch
1232 3626 1302 3680 statt
1314 3627 1429 3682 multam

867 3698 958 3751 aniene
980 3698 1057 3766 apud
1080 3697 1204 3767 aliquem.
1248 3697 1311 3751 Sen.
1334 3698 1369 3752 de
1387 3699 1428 3752 ira

869 3773 894 3836 3,
905 3773 950 3835 31,
964 3774 980 3822 3
987 3769 1110 3838 primam
1119 3785 1173 3823 esee
1186 3769 1219 3822 in
1232 3769 1326 3824 animo
1339 3770 1426 3824 amici.

869 3869 902 3879 -
922 3826 997 3893 liber
1019 3840 1122 3894 anniae
1145 3840 1198 3893 mit
1221 3838 1286 3893 dem
1309 3838 1427 3896 Genetiv

869 3914 1049 3977 mmmm

907 3987 948 4036 18.
975 3997 1066 4035 nanae
1095 3981 1179 4050 (statt
1205 3984 1361 4051 pronaeae)
1391 3982 1427 4037 ist

869 4051 931 4105 hier
953 4050 1000 4106 die
1023 4050 1096 4106 Fran
1121 4052 1170 4107 des
1193 4052 1306 4107 Eukels.
1332 4083 1364 4093 -
1386 4055 1426 4108 in·

869 4122 948 4177 licere
983 4122 1037 4176 mit
1071 4121 1191 4177 blossem
1221 4122 1346 4178 Infinitiv
1377 4125 1426 4179 wie

869 4198 895 4258 2,
914 4199 947 4248 37
966 4193 1082 4249 interim
1095 4223 1130 4234 -
1143 4194 1242 4251 dacem
1254 4210 1373 4251 amorem
1401 4195 1425 4250 S.

868 4262 942 4319 Einl.
961 4263 984 4335 ξ
1006 4270 1047 4318 79.
1223 4279 1228 4286 “

907 4340 948 4389 13.
967 4336 1090 4391 tumidas
1105 4336 1200 4392 ‘stola'
1216 4336 1424 4393 schonbeihiv.

869 4411 912 4472 46,
931 4411 965 4461 33
984 4407 1157 4463 tumidiorem
1173 4423 1328 4465 sermenem
