<?xml version="1.0" encoding="UTF-8"?>
<!DOCTYPE html PUBLIC "-//W3C//DTD XHTML 1.0 Transitional//EN"
    "http://www.w3.org/TR/xhtml1/DTD/xhtml1-transitional.dtd">
<html xmlns="http://www.w3.org/1999/xhtml" xml:lang="en" lang="en">
 <head>
  <title>
</title>
<meta http-equiv="Content-Type" content="text/html;charset=utf-8" />
  <meta name='ocr-system' content='tesseract 3.04.00' />
  <meta name='ocr-capabilities' content='ocr_page ocr_carea ocr_par ocr_line ocrx_word'/>
</head>
<body>
  <div class='ocr_page' id='page_1' title='image "./dieannalendesta00bechgoog_0196.png"; bbox 0 0 3092 4834; ppageno 0'>
   <div class='ocr_carea' id='block_1_1' title="bbox 220 247 1249 313">
    <p class='ocr_par' dir='ltr' id='par_1_1' title="bbox 220 247 1249 313">
     <span class='ocr_line' id='line_1_1' title="bbox 220 247 1249 313; baseline -0.003 -8"><span class='ocrx_word' id='word_1_1' title='bbox 220 250 283 313; x_wconf 86' lang='lat'><strong>186</strong></span> <span class='ocrx_word' id='word_1_2' title='bbox 363 250 393 303; x_wconf 92' lang='lat' dir='ltr'><strong>P.</strong></span> <span class='ocrx_word' id='word_1_3' title='bbox 414 248 587 304; x_wconf 83' lang='lat' dir='ltr'>CORNELII</span> <span class='ocrx_word' id='word_1_4' title='bbox 605 247 725 304; x_wconf 83' lang='lat' dir='ltr'>TACITI</span> <span class='ocrx_word' id='word_1_5' title='bbox 743 248 792 301; x_wconf 89' lang='lat' dir='ltr'><strong>AB</strong></span> <span class='ocrx_word' id='word_1_6' title='bbox 811 248 974 305; x_wconf 83' lang='lat' dir='ltr'>EXCESSU</span> <span class='ocrx_word' id='word_1_7' title='bbox 992 249 1070 303; x_wconf 90' lang='lat' dir='ltr'>DIVI</span> <span class='ocrx_word' id='word_1_8' title='bbox 1089 248 1249 305; x_wconf 80' lang='lat' dir='ltr'>AUGUSTI</span> 
     </span>
    </p>
   </div>
   <div class='ocr_carea' id='block_1_2' title="bbox 162 410 1396 2443">
    <p class='ocr_par' dir='ltr' id='par_1_2' title="bbox 162 410 1396 2443">
     <span class='ocr_line' id='line_1_2' title="bbox 217 410 1391 498; baseline 0 -21"><span class='ocrx_word' id='word_1_9' title='bbox 217 413 282 478; x_wconf 91' lang='lat' dir='ltr'><strong>tior</strong></span> <span class='ocrx_word' id='word_1_10' title='bbox 305 416 338 475; x_wconf 92' lang='lat' dir='ltr'><strong>et</strong></span> <span class='ocrx_word' id='word_1_11' title='bbox 361 411 593 496; x_wconf 89' lang='lat' dir='ltr'><strong>comprimendi</strong></span> <span class='ocrx_word' id='word_1_12' title='bbox 615 411 726 496; x_wconf 88' lang='lat' dir='ltr'><strong>procul</strong></span> <span class='ocrx_word' id='word_1_13' title='bbox 747 411 954 494; x_wconf 81' lang='lat' dir='ltr'><strong>praesidium.</strong></span> <span class='ocrx_word' id='word_1_14' title='bbox 996 410 1270 498; x_wconf 78' lang='lat' dir='ltr'><strong>Augustodunum</strong></span> <span class='ocrx_word' id='word_1_15' title='bbox 1294 416 1391 497; x_wconf 90' lang='lat' dir='ltr'><strong>caput</strong></span> 
     </span>
     <span class='ocr_line' id='line_1_3' title="bbox 218 497 1389 586; baseline 0.001 -21"><span class='ocrx_word' id='word_1_16' title='bbox 218 501 326 586; x_wconf 88' lang='lat' dir='ltr'><strong>gentis</strong></span> <span class='ocrx_word' id='word_1_17' title='bbox 341 501 474 565; x_wconf 90' lang='lat' dir='ltr'><strong>armatis</strong></span> <span class='ocrx_word' id='word_1_18' title='bbox 490 501 678 566; x_wconf 72' lang='lat' dir='ltr'><strong>cohortibus</strong></span> <span class='ocrx_word' id='word_1_19' title='bbox 694 497 842 566; x_wconf 85' lang='lat' dir='ltr'><strong>Sacrovir</strong></span> <span class='ocrx_word' id='word_1_20' title='bbox 861 507 1083 583; x_wconf 85' lang='lat' dir='ltr'><strong>occupaverat,</strong></span> <span class='ocrx_word' id='word_1_21' title='bbox 1097 505 1134 564; x_wconf 88' lang='lat' dir='ltr'><strong>nt</strong></span> <span class='ocrx_word' id='word_1_22' title='bbox 1150 500 1389 566; x_wconf 89' lang='lat' dir='ltr'><strong>nobilissimam</strong></span> 
     </span>
     <span class='ocr_line' id='line_1_4' title="bbox 219 585 1391 673; baseline -0.001 -19"><span class='ocrx_word' id='word_1_23' title='bbox 219 585 399 654; x_wconf 82' lang='lat' dir='ltr'><strong>Galliarum</strong></span> <span class='ocrx_word' id='word_1_24' title='bbox 415 589 571 672; x_wconf 83' lang='lat' dir='ltr'><strong>subolem,</strong></span> <span class='ocrx_word' id='word_1_25' title='bbox 581 588 771 653; x_wconf 80' lang='lat' dir='ltr'><strong>liberalibus</strong></span> <span class='ocrx_word' id='word_1_26' title='bbox 787 588 901 653; x_wconf 89' lang='lat' dir='ltr'><strong>studiis</strong></span> <span class='ocrx_word' id='word_1_27' title='bbox 916 590 962 653; x_wconf 92' lang='lat' dir='ltr'><strong>ibi</strong></span> <span class='ocrx_word' id='word_1_28' title='bbox 977 594 1153 672; x_wconf 92' lang='lat' dir='ltr'><strong>operatam,</strong></span> <span class='ocrx_word' id='word_1_29' title='bbox 1164 593 1243 653; x_wconf 90' lang='lat' dir='ltr'><strong>eteo</strong></span> <span class='ocrx_word' id='word_1_30' title='bbox 1254 589 1391 673; x_wconf 86' lang='lat' dir='ltr'><strong>pignore</strong></span> 
     </span>
     <span class='ocr_line' id='line_1_5' title="bbox 184 676 1392 763; baseline 0 -21"><span class='ocrx_word' id='word_1_31' title='bbox 184 696 199 742; x_wconf 82' lang='lat'>5</span> <span class='ocrx_word' id='word_1_32' title='bbox 218 683 369 762; x_wconf 90' lang='lat' dir='ltr'><strong>parentes</strong></span> <span class='ocrx_word' id='word_1_33' title='bbox 389 678 651 762; x_wconf 84' lang='lat' dir='ltr'><strong>propinquosque</strong></span> <span class='ocrx_word' id='word_1_34' title='bbox 671 699 782 741; x_wconf 89' lang='lat' dir='ltr'><strong>eorum</strong></span> <span class='ocrx_word' id='word_1_35' title='bbox 805 676 1008 763; x_wconf 83' lang='lat' dir='ltr'><strong>adiungeret3</strong></span> <span class='ocrx_word' id='word_1_36' title='bbox 1032 676 1129 742; x_wconf 89' lang='lat' dir='ltr'><strong>simul</strong></span> <span class='ocrx_word' id='word_1_37' title='bbox 1153 699 1243 741; x_wconf 89' lang='lat' dir='ltr'><strong>arma</strong></span> <span class='ocrx_word' id='word_1_38' title='bbox 1267 679 1392 742; x_wconf 81' lang='lat' dir='ltr'><strong>occulte</strong></span> 
     </span>
     <span class='ocr_line' id='line_1_6' title="bbox 182 765 1396 851; baseline 0.001 -21"><span class='ocrx_word' id='word_1_39' title='bbox 182 819 184 823; x_wconf 62' lang='grc'><strong>,</strong></span> <span class='ocrx_word' id='word_1_40' title='bbox 219 766 377 831; x_wconf 86' lang='lat' dir='ltr'><strong>fabricata</strong></span> <span class='ocrx_word' id='word_1_41' title='bbox 404 767 567 831; x_wconf 89' lang='lat' dir='ltr'><strong>iuventuti</strong></span> <span class='ocrx_word' id='word_1_42' title='bbox 590 766 748 849; x_wconf 80' lang='lat' dir='ltr'><strong>dispertit.</strong></span> <span class='ocrx_word' id='word_1_43' title='bbox 793 765 1009 851; x_wconf 91' lang='lat' dir='ltr'><strong>quadraginta</strong></span> <span class='ocrx_word' id='word_1_44' title='bbox 1039 766 1131 830; x_wconf 91' lang='lat' dir='ltr'><strong>milia</strong></span> <span class='ocrx_word' id='word_1_45' title='bbox 1154 766 1257 851; x_wconf 85' lang='lat' dir='ltr'><strong>fuere,</strong></span> <span class='ocrx_word' id='word_1_46' title='bbox 1281 767 1396 849; x_wconf 88' lang='lat' dir='ltr'><strong>quinta</strong></span> 
     </span>
     <span class='ocr_line' id='line_1_7' title="bbox 219 853 1392 939; baseline 0 -20"><span class='ocrx_word' id='word_1_47' title='bbox 219 855 270 919; x_wconf 91' lang='lat' dir='ltr'><strong>sui</strong></span> <span class='ocrx_word' id='word_1_48' title='bbox 302 860 394 938; x_wconf 90' lang='lat' dir='ltr'><strong>parte</strong></span> <span class='ocrx_word' id='word_1_49' title='bbox 427 855 615 939; x_wconf 80' lang='lat' dir='ltr'><strong>legionariis</strong></span> <span class='ocrx_word' id='word_1_50' title='bbox 648 855 760 938; x_wconf 89' lang='lat' dir='ltr'><strong>armis,</strong></span> <span class='ocrx_word' id='word_1_51' title='bbox 789 853 888 919; x_wconf 88' lang='lat' dir='ltr'><strong>ceteri</strong></span> <span class='ocrx_word' id='word_1_52' title='bbox 916 876 988 919; x_wconf 91' lang='lat' dir='ltr'><strong>cum</strong></span> <span class='ocrx_word' id='word_1_53' title='bbox 1017 854 1185 919; x_wconf 87' lang='lat' dir='ltr'><strong>venabulis</strong></span> <span class='ocrx_word' id='word_1_54' title='bbox 1218 859 1252 918; x_wconf 91' lang='lat' dir='ltr'><strong>et</strong></span> <span class='ocrx_word' id='word_1_55' title='bbox 1279 855 1392 919; x_wconf 89' lang='lat' dir='ltr'><strong>cultris</strong></span> 
     </span>
     <span class='ocr_line' id='line_1_8' title="bbox 219 943 1391 1028; baseline 0 -20"><span class='ocrx_word' id='word_1_56' title='bbox 219 965 364 1028; x_wconf 90' lang='lat' dir='ltr'><strong>quaeque</strong></span> <span class='ocrx_word' id='word_1_57' title='bbox 383 944 447 1007; x_wconf 91' lang='lat' dir='ltr'><strong>alia</strong></span> <span class='ocrx_word' id='word_1_58' title='bbox 465 944 658 1008; x_wconf 86' lang='lat' dir='ltr'><strong>venantibus</strong></span> <span class='ocrx_word' id='word_1_59' title='bbox 677 943 744 1006; x_wconf 91' lang='lat' dir='ltr'><strong>tela</strong></span> <span class='ocrx_word' id='word_1_60' title='bbox 766 945 850 1007; x_wconf 87' lang='lat' dir='ltr'><strong>sunt</strong></span> <span class='ocrx_word' id='word_1_61' title='bbox 887 943 1048 1007; x_wconf 89' lang='lat' dir='ltr'><strong>adduntur</strong></span> <span class='ocrx_word' id='word_1_62' title='bbox 1071 964 1088 1007; x_wconf 90' lang='lat' dir='ltr'><strong>e</strong></span> <span class='ocrx_word' id='word_1_63' title='bbox 1108 943 1248 1007; x_wconf 86' lang='lat' dir='ltr'><strong>servitiis</strong></span> <span class='ocrx_word' id='word_1_64' title='bbox 1268 943 1391 1027; x_wconf 90' lang='lat' dir='ltr'><strong>gladia·</strong></span> 
     </span>
     <span class='ocr_line' id='line_1_9' title="bbox 218 1030 1392 1116; baseline -0.001 -20"><span class='ocrx_word' id='word_1_65' title='bbox 218 1037 310 1096; x_wconf 89' lang='lat' dir='ltr'><strong>turae</strong></span> <span class='ocrx_word' id='word_1_66' title='bbox 329 1033 494 1112; x_wconf 90' lang='lat' dir='ltr'><strong>destinati,</strong></span> <span class='ocrx_word' id='word_1_67' title='bbox 513 1031 630 1116; x_wconf 91' lang='lat' dir='ltr'><strong>quibus</strong></span> <span class='ocrx_word' id='word_1_68' title='bbox 655 1053 744 1095; x_wconf 91' lang='lat' dir='ltr'><strong>more</strong></span> <span class='ocrx_word' id='word_1_69' title='bbox 768 1030 896 1115; x_wconf 86' lang='lat' dir='ltr'><strong>gentico</strong></span> <span class='ocrx_word' id='word_1_70' title='bbox 921 1032 1110 1096; x_wconf 89' lang='lat' dir='ltr'><strong>continuum</strong></span> <span class='ocrx_word' id='word_1_71' title='bbox 1133 1031 1210 1095; x_wconf 88' lang='lat' dir='ltr'><strong>ferri</strong></span> <span class='ocrx_word' id='word_1_72' title='bbox 1234 1032 1392 1116; x_wconf 87' lang='lat' dir='ltr'><strong>tegimen:</strong></span> 
     </span>
     <span class='ocr_line' id='line_1_10' title="bbox 166 1119 1391 1205; baseline 0.002 -22"><span class='ocrx_word' id='word_1_73' title='bbox 166 1137 198 1184; x_wconf 89' lang='lat'><strong>10</strong></span> <span class='ocrx_word' id='word_1_74' title='bbox 218 1121 451 1204; x_wconf 83' lang='lat' dir='ltr'><strong>cruppellarios</strong></span> <span class='ocrx_word' id='word_1_75' title='bbox 479 1124 610 1203; x_wconf 87' lang='lat' dir='ltr'><strong>vocant,</strong></span> <span class='ocrx_word' id='word_1_76' title='bbox 638 1120 814 1184; x_wconf 86' lang='lat' dir='ltr'><strong>inferendis</strong></span> <span class='ocrx_word' id='word_1_77' title='bbox 847 1119 965 1184; x_wconf 90' lang='lat' dir='ltr'><strong>ictibus</strong></span> <span class='ocrx_word' id='word_1_78' title='bbox 993 1120 1168 1201; x_wconf 90' lang='lat' dir='ltr'><strong>inhabiles,</strong></span> <span class='ocrx_word' id='word_1_79' title='bbox 1197 1120 1391 1205; x_wconf 81' lang='lat' dir='ltr'><strong>accipiendis</strong></span> 
     </span>
     <span class='ocr_line' id='line_1_11' title="bbox 218 1208 1395 1294; baseline 0 -21"><span class='ocrx_word' id='word_1_80' title='bbox 218 1210 481 1293; x_wconf 84' lang='lat' dir='ltr'><strong>inpenetrabiles.</strong></span> <span class='ocrx_word' id='word_1_81' title='bbox 524 1210 727 1294; x_wconf 92' lang='lat' dir='ltr'><strong>augebantur</strong></span> <span class='ocrx_word' id='word_1_82' title='bbox 750 1230 807 1273; x_wconf 89' lang='lat' dir='ltr'><strong>eae</strong></span> <span class='ocrx_word' id='word_1_83' title='bbox 830 1209 942 1291; x_wconf 91' lang='lat' dir='ltr'><strong>copiae</strong></span> <span class='ocrx_word' id='word_1_84' title='bbox 962 1208 1140 1274; x_wconf 89' lang='lat' dir='ltr'><strong>vicinarum</strong></span> <span class='ocrx_word' id='word_1_85' title='bbox 1164 1208 1333 1273; x_wconf 88' lang='lat' dir='ltr'><strong>civitatum</strong></span> <span class='ocrx_word' id='word_1_86' title='bbox 1355 1213 1395 1273; x_wconf 90' lang='lat' dir='ltr'><strong>ut</strong></span> 
     </span>
     <span class='ocr_line' id='line_1_12' title="bbox 218 1296 1391 1381; baseline -0.002 -18"><span class='ocrx_word' id='word_1_87' title='bbox 218 1297 362 1363; x_wconf 91' lang='lat' dir='ltr'><strong>nondum</strong></span> <span class='ocrx_word' id='word_1_88' title='bbox 378 1302 491 1381; x_wconf 88' lang='lat' dir='ltr'><strong>aperta</strong></span> <span class='ocrx_word' id='word_1_89' title='bbox 506 1298 729 1378; x_wconf 86' lang='lat' dir='ltr'><strong>consensione,</strong></span> <span class='ocrx_word' id='word_1_90' title='bbox 743 1298 790 1361; x_wconf 91' lang='lat' dir='ltr'><strong>ita</strong></span> <span class='ocrx_word' id='word_1_91' title='bbox 805 1297 926 1361; x_wconf 88' lang='lat' dir='ltr'><strong>viritim</strong></span> <span class='ocrx_word' id='word_1_92' title='bbox 937 1299 1097 1380; x_wconf 89' lang='lat' dir='ltr'><strong>promptis</strong></span> <span class='ocrx_word' id='word_1_93' title='bbox 1109 1296 1233 1378; x_wconf 89' lang='lat' dir='ltr'><strong>studiis,</strong></span> <span class='ocrx_word' id='word_1_94' title='bbox 1248 1301 1391 1361; x_wconf 81' lang='lat' dir='ltr'><strong>etcertu-</strong></span> 
     </span>
     <span class='ocr_line' id='line_1_13' title="bbox 218 1385 1390 1470; baseline 0 -21"><span class='ocrx_word' id='word_1_95' title='bbox 218 1387 304 1451; x_wconf 91' lang='lat' dir='ltr'><strong>mine</strong></span> <span class='ocrx_word' id='word_1_96' title='bbox 319 1386 434 1451; x_wconf 91' lang='lat' dir='ltr'><strong>ducum</strong></span> <span class='ocrx_word' id='word_1_97' title='bbox 445 1386 675 1467; x_wconf 86' lang='lat' dir='ltr'><strong>Romanorum,</strong></span> <span class='ocrx_word' id='word_1_98' title='bbox 690 1407 771 1470; x_wconf 90' lang='lat' dir='ltr'><strong>quos</strong></span> <span class='ocrx_word' id='word_1_99' title='bbox 786 1386 872 1450; x_wconf 87' lang='lat' dir='ltr'><strong>inter</strong></span> <span class='ocrx_word' id='word_1_100' title='bbox 885 1385 1111 1469; x_wconf 88' lang='lat' dir='ltr'><strong>ambigebatur</strong></span> <span class='ocrx_word' id='word_1_101' title='bbox 1120 1389 1257 1468; x_wconf 88' lang='lat' dir='ltr'><strong>utroque</strong></span> <span class='ocrx_word' id='word_1_102' title='bbox 1268 1385 1390 1449; x_wconf 89' lang='lat' dir='ltr'><strong>bellum</strong></span> 
     </span>
     <span class='ocr_line' id='line_1_14' title="bbox 219 1472 1392 1558; baseline -0.002 -19"><span class='ocrx_word' id='word_1_103' title='bbox 219 1476 282 1539; x_wconf 91' lang='lat' dir='ltr'><strong>sibi</strong></span> <span class='ocrx_word' id='word_1_104' title='bbox 296 1479 467 1558; x_wconf 80' lang='lat' dir='ltr'><strong>poscente·</strong></span> <span class='ocrx_word' id='word_1_105' title='bbox 480 1473 665 1539; x_wconf 89' lang='lat' dir='ltr'><strong>moxVarro</strong></span> <span class='ocrx_word' id='word_1_106' title='bbox 680 1473 840 1538; x_wconf 88' lang='lat' dir='ltr'><strong>invalidus</strong></span> <span class='ocrx_word' id='word_1_107' title='bbox 856 1478 984 1539; x_wconf 89' lang='lat' dir='ltr'><strong>senecta</strong></span> <span class='ocrx_word' id='word_1_108' title='bbox 993 1474 1119 1558; x_wconf 84' lang='lat' dir='ltr'><strong>vigenti</strong></span> <span class='ocrx_word' id='word_1_109' title='bbox 1128 1472 1207 1540; x_wconf 85' lang='lat' dir='ltr'><strong>Silio</strong></span> <span class='ocrx_word' id='word_1_110' title='bbox 1222 1475 1392 1539; x_wconf 88' lang='lat' dir='ltr'><strong>concessit.</strong></span> 
     </span>
     <span class='ocr_line' id='line_1_15' title="bbox 162 1562 1393 1646; baseline -0.001 -20"><span class='ocrx_word' id='word_1_111' title='bbox 162 1563 207 1626; x_wconf 82' lang='lat'><strong>44</strong></span> <span class='ocrx_word' id='word_1_112' title='bbox 308 1564 353 1627; x_wconf 88' lang='lat' dir='ltr'><strong>At</strong></span> <span class='ocrx_word' id='word_1_113' title='bbox 376 1562 500 1627; x_wconf 87' lang='lat' dir='ltr'><strong>Romae</strong></span> <span class='ocrx_word' id='word_1_114' title='bbox 526 1584 592 1628; x_wconf 92' lang='lat' dir='ltr'><strong>non</strong></span> <span class='ocrx_word' id='word_1_115' title='bbox 616 1563 773 1627; x_wconf 81' lang='lat' dir='ltr'><strong>Treveros</strong></span> <span class='ocrx_word' id='word_1_116' title='bbox 802 1563 898 1627; x_wconf 90' lang='lat' dir='ltr'><strong>modo</strong></span> <span class='ocrx_word' id='word_1_117' title='bbox 927 1570 960 1626; x_wconf 90' lang='lat' dir='ltr'><strong>et</strong></span> <span class='ocrx_word' id='word_1_118' title='bbox 981 1562 1128 1646; x_wconf 84' lang='lat' dir='ltr'><strong>Aeduos,</strong></span> <span class='ocrx_word' id='word_1_119' title='bbox 1152 1562 1207 1627; x_wconf 89' lang='lat' dir='ltr'><strong>sed</strong></span> <span class='ocrx_word' id='word_1_120' title='bbox 1236 1565 1393 1646; x_wconf 89' lang='lat' dir='ltr'><strong>quattuor</strong></span> 
     </span>
     <span class='ocr_line' id='line_1_16' title="bbox 219 1650 1392 1735; baseline 0 -21"><span class='ocrx_word' id='word_1_121' title='bbox 219 1655 252 1715; x_wconf 89' lang='lat' dir='ltr'><strong>et</strong></span> <span class='ocrx_word' id='word_1_122' title='bbox 271 1651 439 1735; x_wconf 86' lang='lat' dir='ltr'><strong>sexaginta</strong></span> <span class='ocrx_word' id='word_1_123' title='bbox 459 1650 637 1716; x_wconf 86' lang='lat' dir='ltr'><strong>Galliarum</strong></span> <span class='ocrx_word' id='word_1_124' title='bbox 657 1651 807 1716; x_wconf 84' lang='lat' dir='ltr'><strong>civitates</strong></span> <span class='ocrx_word' id='word_1_125' title='bbox 827 1651 1010 1734; x_wconf 89' lang='lat' dir='ltr'><strong>descivisse,</strong></span> <span class='ocrx_word' id='word_1_126' title='bbox 1029 1652 1218 1735; x_wconf 87' lang='lat' dir='ltr'><strong>adsumptos</strong></span> <span class='ocrx_word' id='word_1_127' title='bbox 1241 1653 1275 1714; x_wconf 96' lang='lat' dir='ltr'><strong>in</strong></span> <span class='ocrx_word' id='word_1_128' title='bbox 1295 1652 1392 1716; x_wconf 90' lang='lat' dir='ltr'><strong>socie·</strong></span> 
     </span>
     <span class='ocr_line' id='line_1_17' title="bbox 219 1738 1392 1823; baseline 0 -19"><span class='ocrx_word' id='word_1_129' title='bbox 219 1744 321 1804; x_wconf 90' lang='lat' dir='ltr'><strong>tatem</strong></span> <span class='ocrx_word' id='word_1_130' title='bbox 351 1740 544 1823; x_wconf 86' lang='lat' dir='ltr'><strong>Germanos,</strong></span> <span class='ocrx_word' id='word_1_131' title='bbox 577 1738 692 1803; x_wconf 88' lang='lat' dir='ltr'><strong>dubias</strong></span> <span class='ocrx_word' id='word_1_132' title='bbox 720 1738 913 1823; x_wconf 88' lang='lat' dir='ltr'><strong>Hispanias,</strong></span> <span class='ocrx_word' id='word_1_133' title='bbox 945 1745 1074 1823; x_wconf 89' lang='lat' dir='ltr'><strong>cuncta,</strong></span> <span class='ocrx_word' id='word_1_134' title='bbox 1105 1743 1143 1803; x_wconf 91' lang='lat' dir='ltr'><strong>ut</strong></span> <span class='ocrx_word' id='word_1_135' title='bbox 1175 1760 1244 1803; x_wconf 91' lang='lat' dir='ltr'><strong>mos</strong></span> <span class='ocrx_word' id='word_1_136' title='bbox 1276 1739 1392 1822; x_wconf 91' lang='lat' dir='ltr'><strong>famae,</strong></span> 
     </span>
     <span class='ocr_line' id='line_1_18' title="bbox 219 1827 1390 1912; baseline 0 -21"><span class='ocrx_word' id='word_1_137' title='bbox 219 1829 253 1891; x_wconf 93' lang='lat' dir='ltr'><strong>in</strong></span> <span class='ocrx_word' id='word_1_138' title='bbox 272 1830 376 1893; x_wconf 91' lang='lat' dir='ltr'><strong>maius</strong></span> <span class='ocrx_word' id='word_1_139' title='bbox 396 1827 526 1892; x_wconf 88' lang='lat' dir='ltr'><strong>credita.</strong></span> <span class='ocrx_word' id='word_1_140' title='bbox 562 1830 714 1912; x_wconf 87' lang='lat' dir='ltr'><strong>optumus</strong></span> <span class='ocrx_word' id='word_1_141' title='bbox 735 1829 869 1912; x_wconf 89' lang='lat' dir='ltr'><strong>quisque</strong></span> <span class='ocrx_word' id='word_1_142' title='bbox 888 1829 935 1892; x_wconf 91' lang='lat' dir='ltr'><strong>rei</strong></span> <span class='ocrx_word' id='word_1_143' title='bbox 954 1828 1102 1912; x_wconf 91' lang='lat' dir='ltr'><strong>publicae</strong></span> <span class='ocrx_word' id='word_1_144' title='bbox 1121 1849 1198 1892; x_wconf 88' lang='lat' dir='ltr'><strong>cura</strong></span> <span class='ocrx_word' id='word_1_145' title='bbox 1212 1829 1390 1893; x_wconf 86' lang='lat' dir='ltr'><strong>maerebat:</strong></span> 
     </span>
     <span class='ocr_line' id='line_1_19' title="bbox 184 1915 1391 2001; baseline 0.001 -22"><span class='ocrx_word' id='word_1_146' title='bbox 184 1917 315 1980; x_wconf 73' lang='lat' dir='ltr'><strong>amulti</strong></span> <span class='ocrx_word' id='word_1_147' title='bbox 347 1917 421 1981; x_wconf 93' lang='lat' dir='ltr'><strong>odio</strong></span> <span class='ocrx_word' id='word_1_148' title='bbox 454 1916 674 1999; x_wconf 89' lang='lat' dir='ltr'><strong>praesentium</strong></span> <span class='ocrx_word' id='word_1_149' title='bbox 703 1920 735 1979; x_wconf 90' lang='lat' dir='ltr'><strong>et</strong></span> <span class='ocrx_word' id='word_1_150' title='bbox 763 1916 910 2000; x_wconf 89' lang='lat' dir='ltr'><strong>cupidine</strong></span> <span class='ocrx_word' id='word_1_151' title='bbox 941 1916 1132 1982; x_wconf 88' lang='lat' dir='ltr'><strong>mutationis</strong></span> <span class='ocrx_word' id='word_1_152' title='bbox 1166 1915 1232 1979; x_wconf 89' lang='lat' dir='ltr'><strong>suis</strong></span> <span class='ocrx_word' id='word_1_153' title='bbox 1265 1938 1391 2001; x_wconf 91' lang='lat' dir='ltr'><strong>quoque</strong></span> 
     </span>
     <span class='ocr_line' id='line_1_20' title="bbox 218 2004 1390 2089; baseline 0.002 -21"><span class='ocrx_word' id='word_1_154' title='bbox 218 2004 370 2089; x_wconf 90' lang='lat' dir='ltr'><strong>periculis</strong></span> <span class='ocrx_word' id='word_1_155' title='bbox 398 2005 604 2068; x_wconf 88' lang='lat' dir='ltr'><strong>laetabantur</strong></span> <span class='ocrx_word' id='word_1_156' title='bbox 629 2005 904 2089; x_wconf 87' lang='lat' dir='ltr'><strong>increpabantque</strong></span> <span class='ocrx_word' id='word_1_157' title='bbox 927 2006 1106 2089; x_wconf 82' lang='lat' dir='ltr'><strong>Tiberium,</strong></span> <span class='ocrx_word' id='word_1_158' title='bbox 1129 2004 1214 2089; x_wconf 92' lang='lat' dir='ltr'><strong>quod</strong></span> <span class='ocrx_word' id='word_1_159' title='bbox 1237 2004 1273 2068; x_wconf 95' lang='lat' dir='ltr'><strong>in</strong></span> <span class='ocrx_word' id='word_1_160' title='bbox 1295 2008 1390 2070; x_wconf 90' lang='lat' dir='ltr'><strong>tanto</strong></span> 
     </span>
     <span class='ocr_line' id='line_1_21' title="bbox 217 2091 1389 2179; baseline 0.003 -24"><span class='ocrx_word' id='word_1_161' title='bbox 217 2114 324 2157; x_wconf 89' lang='lat' dir='ltr'><strong>rerum</strong></span> <span class='ocrx_word' id='word_1_162' title='bbox 346 2098 437 2158; x_wconf 90' lang='lat' dir='ltr'><strong>motu</strong></span> <span class='ocrx_word' id='word_1_163' title='bbox 456 2093 576 2158; x_wconf 89' lang='lat' dir='ltr'><strong>libellis</strong></span> <span class='ocrx_word' id='word_1_164' title='bbox 597 2098 822 2158; x_wconf 89' lang='lat' dir='ltr'><strong>accusatorum</strong></span> <span class='ocrx_word' id='word_1_165' title='bbox 840 2093 1018 2158; x_wconf 89' lang='lat' dir='ltr'><strong>insumeret</strong></span> <span class='ocrx_word' id='word_1_166' title='bbox 1037 2115 1177 2179; x_wconf 89' lang='lat' dir='ltr'><strong>operam.</strong></span> <span class='ocrx_word' id='word_1_167' title='bbox 1216 2114 1258 2157; x_wconf 89' lang='lat' dir='ltr'><strong>an</strong></span> <span class='ocrx_word' id='word_1_168' title='bbox 1278 2091 1389 2158; x_wconf 87' lang='lat' dir='ltr'><strong>Sacro·</strong></span> 
     </span>
     <span class='ocr_line' id='line_1_22' title="bbox 218 2180 1392 2247; baseline 0.002 -4"><span class='ocrx_word' id='word_1_169' title='bbox 218 2180 323 2245; x_wconf 83' lang='lat' dir='ltr'><strong>virum</strong></span> <span class='ocrx_word' id='word_1_170' title='bbox 347 2182 528 2247; x_wconf 89' lang='lat' dir='ltr'><strong>maiestatis</strong></span> <span class='ocrx_word' id='word_1_171' title='bbox 552 2182 685 2247; x_wconf 91' lang='lat' dir='ltr'><strong>crimine</strong></span> <span class='ocrx_word' id='word_1_172' title='bbox 708 2203 800 2246; x_wconf 90' lang='lat' dir='ltr'><strong>reum</strong></span> <span class='ocrx_word' id='word_1_173' title='bbox 826 2183 859 2246; x_wconf 94' lang='lat' dir='ltr'><strong>in</strong></span> <span class='ocrx_word' id='word_1_174' title='bbox 884 2188 998 2247; x_wconf 87' lang='lat' dir='ltr'><strong>senatu</strong></span> <span class='ocrx_word' id='word_1_175' title='bbox 1022 2181 1114 2247; x_wconf 82' lang='lat' dir='ltr'><strong>fore?</strong></span> <span class='ocrx_word' id='word_1_176' title='bbox 1148 2181 1294 2246; x_wconf 85' lang='lat' dir='ltr'><strong>extitisse</strong></span> <span class='ocrx_word' id='word_1_177' title='bbox 1320 2186 1392 2245; x_wconf 89' lang='lat' dir='ltr'><strong>tan·</strong></span> 
     </span>
     <span class='ocr_line' id='line_1_23' title="bbox 218 2269 1391 2355; baseline 0.002 -23"><span class='ocrx_word' id='word_1_178' title='bbox 218 2269 290 2333; x_wconf 88' lang='lat' dir='ltr'><strong>dem</strong></span> <span class='ocrx_word' id='word_1_179' title='bbox 310 2271 411 2352; x_wconf 82' lang='lat' dir='ltr'><strong>viros,</strong></span> <span class='ocrx_word' id='word_1_180' title='bbox 434 2269 490 2355; x_wconf 91' lang='lat' dir='ltr'><strong>qui</strong></span> <span class='ocrx_word' id='word_1_181' title='bbox 518 2274 666 2335; x_wconf 89' lang='lat' dir='ltr'><strong>cruentas</strong></span> <span class='ocrx_word' id='word_1_182' title='bbox 690 2271 846 2354; x_wconf 89' lang='lat' dir='ltr'><strong>epistulas</strong></span> <span class='ocrx_word' id='word_1_183' title='bbox 874 2271 972 2335; x_wconf 88' lang='lat' dir='ltr'><strong>armis</strong></span> <span class='ocrx_word' id='word_1_184' title='bbox 996 2270 1194 2336; x_wconf 85' lang='lat' dir='ltr'><strong>cohiberent</strong></span> <span class='ocrx_word' id='word_1_185' title='bbox 1240 2271 1391 2334; x_wconf 90' lang='lat' dir='ltr'><strong>miseram</strong></span> 
     </span>
     <span class='ocr_line' id='line_1_24' title="bbox 165 2359 1390 2443; baseline -0.001 -21"><span class='ocrx_word' id='word_1_186' title='bbox 165 2376 198 2423; x_wconf 91' lang='lat'><strong>10</strong></span> <span class='ocrx_word' id='word_1_187' title='bbox 216 2379 328 2441; x_wconf 91' lang='lat' dir='ltr'><strong>pacem</strong></span> <span class='ocrx_word' id='word_1_188' title='bbox 352 2360 402 2423; x_wconf 87' lang='lat' dir='ltr'><strong>vel</strong></span> <span class='ocrx_word' id='word_1_189' title='bbox 424 2359 510 2424; x_wconf 91' lang='lat' dir='ltr'><strong>bello</strong></span> <span class='ocrx_word' id='word_1_190' title='bbox 541 2360 622 2423; x_wconf 91' lang='lat' dir='ltr'><strong>bene</strong></span> <span class='ocrx_word' id='word_1_191' title='bbox 646 2359 774 2424; x_wconf 89' lang='lat' dir='ltr'><strong>mutari.</strong></span> <span class='ocrx_word' id='word_1_192' title='bbox 819 2362 911 2423; x_wconf 91' lang='lat' dir='ltr'><strong>tanto</strong></span> <span class='ocrx_word' id='word_1_193' title='bbox 935 2360 1103 2443; x_wconf 90' lang='lat' dir='ltr'><strong>inpensius</strong></span> <span class='ocrx_word' id='word_1_194' title='bbox 1127 2361 1162 2423; x_wconf 92' lang='lat' dir='ltr'><strong>in</strong></span> <span class='ocrx_word' id='word_1_195' title='bbox 1185 2359 1390 2423; x_wconf 89' lang='lat' dir='ltr'><strong>securitatem</strong></span> 
     </span>
    </p>
   </div>
   <div class='ocr_carea' id='block_1_3' title="bbox 216 2447 1391 2709">
    <p class='ocr_par' dir='ltr' id='par_1_3' title="bbox 216 2447 1391 2709">
     <span class='ocr_line' id='line_1_25' title="bbox 217 2447 1391 2533; baseline -0.001 -23"><span class='ocrx_word' id='word_1_196' title='bbox 217 2447 419 2531; x_wconf 89' lang='lat' dir='ltr'><strong>conpositus,</strong></span> <span class='ocrx_word' id='word_1_197' title='bbox 443 2469 546 2533; x_wconf 91' lang='lat' dir='ltr'><strong>neque</strong></span> <span class='ocrx_word' id='word_1_198' title='bbox 574 2448 645 2512; x_wconf 92' lang='lat' dir='ltr'><strong>loco</strong></span> <span class='ocrx_word' id='word_1_199' title='bbox 674 2469 778 2530; x_wconf 88' lang='lat' dir='ltr'><strong>neque</strong></span> <span class='ocrx_word' id='word_1_200' title='bbox 806 2449 897 2512; x_wconf 87' lang='lat' dir='ltr'><strong>vultu</strong></span> <span class='ocrx_word' id='word_1_201' title='bbox 926 2450 1065 2531; x_wconf 93' lang='lat' dir='ltr'><strong>mutato,</strong></span> <span class='ocrx_word' id='word_1_202' title='bbox 1090 2449 1158 2531; x_wconf 91' lang='lat' dir='ltr'><strong>sed,</strong></span> <span class='ocrx_word' id='word_1_203' title='bbox 1183 2451 1221 2511; x_wconf 92' lang='lat' dir='ltr'><strong>ut</strong></span> <span class='ocrx_word' id='word_1_204' title='bbox 1247 2447 1391 2530; x_wconf 89' lang='lat' dir='ltr'><strong>solitum,</strong></span> 
     </span>
     <span class='ocr_line' id='line_1_26' title="bbox 216 2535 1390 2621; baseline -0.002 -22"><span class='ocrx_word' id='word_1_205' title='bbox 216 2558 272 2615; x_wconf 89' lang='lat' dir='ltr'><strong>per</strong></span> <span class='ocrx_word' id='word_1_206' title='bbox 303 2535 379 2600; x_wconf 92' lang='lat' dir='ltr'><strong>illos</strong></span> <span class='ocrx_word' id='word_1_207' title='bbox 413 2536 479 2600; x_wconf 90' lang='lat' dir='ltr'><strong>dies</strong></span> <span class='ocrx_word' id='word_1_208' title='bbox 513 2535 596 2620; x_wconf 87' lang='lat' dir='ltr'><strong>egit,</strong></span> <span class='ocrx_word' id='word_1_209' title='bbox 624 2536 796 2601; x_wconf 89' lang='lat' dir='ltr'><strong>altitudine</strong></span> <span class='ocrx_word' id='word_1_210' title='bbox 830 2537 944 2617; x_wconf 90' lang='lat' dir='ltr'><strong>animi,</strong></span> <span class='ocrx_word' id='word_1_211' title='bbox 972 2558 1014 2601; x_wconf 90' lang='lat' dir='ltr'><strong>an</strong></span> <span class='ocrx_word' id='word_1_212' title='bbox 1046 2539 1236 2621; x_wconf 89' lang='lat' dir='ltr'><strong>conpererat</strong></span> <span class='ocrx_word' id='word_1_213' title='bbox 1263 2535 1390 2598; x_wconf 92' lang='lat' dir='ltr'><strong>modica</strong></span> 
     </span>
     <span class='ocr_line' id='line_1_27' title="bbox 217 2624 661 2709; baseline 0.005 -22"><span class='ocrx_word' id='word_1_214' title='bbox 217 2645 289 2688; x_wconf 90' lang='lat' dir='ltr'><strong>esse</strong></span> <span class='ocrx_word' id='word_1_215' title='bbox 313 2629 346 2687; x_wconf 91' lang='lat' dir='ltr'><strong>et</strong></span> <span class='ocrx_word' id='word_1_216' title='bbox 367 2624 509 2709; x_wconf 85' lang='lat' dir='ltr'><strong>vulgatis</strong></span> <span class='ocrx_word' id='word_1_217' title='bbox 532 2626 661 2690; x_wconf 85' lang='lat' dir='ltr'><strong>leviora.</strong></span> 
     </span>
    </p>
   </div>
   <div class='ocr_carea' id='block_1_4' title="bbox 215 2778 1393 4475">
    <p class='ocr_par' dir='ltr' id='par_1_4' title="bbox 216 2778 1392 2850">
     <span class='ocr_line' id='line_1_28' title="bbox 216 2778 1392 2850; baseline 0.002 -17"><span class='ocrx_word' id='word_1_218' title='bbox 216 2778 246 2833; x_wconf 92' lang='lat' dir='ltr'><strong>in</strong></span> <span class='ocrx_word' id='word_1_219' title='bbox 265 2779 315 2832; x_wconf 89' lang='lat' dir='ltr'><strong>der</strong></span> <span class='ocrx_word' id='word_1_220' title='bbox 334 2780 464 2848; x_wconf 78' lang='lat' dir='ltr'><strong>sptteren</strong></span> <span class='ocrx_word' id='word_1_221' title='bbox 482 2779 639 2835; x_wconf 86' lang='lat' dir='ltr'><strong>Kaiserzeit</strong></span> <span class='ocrx_word' id='word_1_222' title='bbox 658 2781 704 2834; x_wconf 90' lang='lat' dir='ltr'><strong>ein</strong></span> <span class='ocrx_word' id='word_1_223' title='bbox 718 2780 777 2835; x_wconf 84' lang='lat' dir='ltr'><strong>Sita</strong></span> <span class='ocrx_word' id='word_1_224' title='bbox 866 2778 915 2835; x_wconf 89' lang='lat'><strong>44.</strong></span> <span class='ocrx_word' id='word_1_225' title='bbox 934 2786 959 2834; x_wconf 92' lang='grc'><strong>2.</strong></span> <span class='ocrx_word' id='word_1_226' title='bbox 983 2781 1041 2835; x_wconf 85' lang='grc'><strong>1)11</strong></span> <span class='ocrx_word' id='word_1_227' title='bbox 1060 2779 1222 2850; x_wconf 82' lang='lat' dir='ltr'><strong>regierende</strong></span> <span class='ocrx_word' id='word_1_228' title='bbox 1241 2779 1317 2834; x_wconf 86' lang='lat' dir='ltr'><strong>Verb</strong></span> <span class='ocrx_word' id='word_1_229' title='bbox 1337 2796 1392 2835; x_wconf 90' lang='lat' dir='ltr'><strong>cre·</strong></span> 
     </span>
    </p>

    <p class='ocr_par' dir='ltr' id='par_1_5' title="bbox 218 2849 1393 2989">
     <span class='ocr_line' id='line_1_29' title="bbox 218 2849 1393 2921; baseline 0.003 -19"><span class='ocrx_word' id='word_1_230' title='bbox 218 2850 268 2903; x_wconf 87' lang='lat' dir='ltr'><strong>der</strong></span> <span class='ocrx_word' id='word_1_231' title='bbox 286 2849 498 2907; x_wconf 85' lang='lat' dir='ltr'><strong>Wissenschatt.</strong></span> <span class='ocrx_word' id='word_1_232' title='bbox 831 2851 920 2907; x_wconf 84' lang='lat' dir='ltr'><strong>ditum</strong></span> <span class='ocrx_word' id='word_1_233' title='bbox 943 2857 981 2906; x_wconf 84' lang='lat' dir='ltr'><strong>est</strong></span> <span class='ocrx_word' id='word_1_234' title='bbox 1003 2852 1076 2921; x_wconf 83' lang='lat' dir='ltr'><strong>liegt</strong></span> <span class='ocrx_word' id='word_1_235' title='bbox 1097 2857 1127 2905; x_wconf 84' lang='lat' dir='ltr'><strong>in</strong></span> <span class='ocrx_word' id='word_1_236' title='bbox 1151 2852 1215 2906; x_wconf 90' lang='lat' dir='ltr'><strong>dem</strong></span> <span class='ocrx_word' id='word_1_237' title='bbox 1238 2849 1393 2921; x_wconf 83' lang='lat' dir='ltr'><strong>folgenden</strong></span> 
     </span>
     <span class='ocr_line' id='line_1_30' title="bbox 252 2921 943 2989; baseline 0.004 -16"><span class='ocrx_word' id='word_1_238' title='bbox 252 2927 277 2973; x_wconf 92' lang='grc'><strong>2.</strong></span> <span class='ocrx_word' id='word_1_239' title='bbox 301 2923 402 2989; x_wconf 82' lang='lat' dir='ltr'><strong>procul</strong></span> <span class='ocrx_word' id='word_1_240' title='bbox 430 2922 500 2976; x_wconf 87' lang='lat' dir='ltr'><strong>statt</strong></span> <span class='ocrx_word' id='word_1_241' title='bbox 526 2921 601 2975; x_wconf 90' lang='lat' dir='ltr'><strong>eines</strong></span> <span class='ocrx_word' id='word_1_242' title='bbox 624 2922 776 2989; x_wconf 89' lang='lat' dir='ltr'><strong>Kompara·</strong></span> <span class='ocrx_word' id='word_1_243' title='bbox 831 2923 943 2977; x_wconf 88' lang='lat' dir='ltr'><strong>credita.</strong></span> 
     </span>
    </p>

    <p class='ocr_par' dir='ltr' id='par_1_6' title="bbox 215 2990 1388 3134">
     <span class='ocr_line' id='line_1_31' title="bbox 215 2990 1388 3061; baseline 0.002 -18"><span class='ocrx_word' id='word_1_244' title='bbox 215 2990 284 3055; x_wconf 84' lang='lat' dir='ltr'><strong>tivs3</strong></span> <span class='ocrx_word' id='word_1_245' title='bbox 304 3009 325 3045; x_wconf 92' lang='lat' dir='ltr'><strong>s.</strong></span> <span class='ocrx_word' id='word_1_246' title='bbox 344 2995 370 3058; x_wconf 86' lang='grc'><strong>2,</strong></span> <span class='ocrx_word' id='word_1_247' title='bbox 389 2997 414 3059; x_wconf 81' lang='grc'><strong>5,</strong></span> <span class='ocrx_word' id='word_1_248' title='bbox 433 2997 458 3046; x_wconf 85' lang='lat'>4.</span> <span class='ocrx_word' id='word_1_249' title='bbox 866 2997 892 3047; x_wconf 90' lang='lat'>4.</span> <span class='ocrx_word' id='word_1_250' title='bbox 915 2994 947 3047; x_wconf 88' lang='lat' dir='ltr'><strong>in</strong></span> <span class='ocrx_word' id='word_1_251' title='bbox 965 2993 1056 3047; x_wconf 75' lang='lat' dir='ltr'><strong>maius</strong></span> <span class='ocrx_word' id='word_1_252' title='bbox 1073 2994 1185 3048; x_wconf 84' lang='lat' dir='ltr'><strong>creditu.</strong></span> <span class='ocrx_word' id='word_1_253' title='bbox 1223 2991 1336 3061; x_wconf 65' lang='lat' dir='ltr'><strong>Vgle,</strong></span> <span class='ocrx_word' id='word_1_254' title='bbox 1356 2996 1388 3045; x_wconf 88' lang='grc'><strong>12</strong></span> 
     </span>
     <span class='ocr_line' id='line_1_32' title="bbox 252 3060 1388 3134; baseline 0.003 -21"><span class='ocrx_word' id='word_1_255' title='bbox 252 3065 277 3112; x_wconf 88' lang='lat'>4.</span> <span class='ocrx_word' id='word_1_256' title='bbox 297 3066 437 3127; x_wconf 81' lang='lat' dir='ltr'><strong>operatam</strong></span> <span class='ocrx_word' id='word_1_257' title='bbox 461 3060 610 3117; x_wconf 87' lang='lat' dir='ltr'><strong>aoristisch</strong></span> <span class='ocrx_word' id='word_1_258' title='bbox 633 3061 709 3116; x_wconf 81' lang='lat' dir='ltr'><strong>‘sich</strong></span> <span class='ocrx_word' id='word_1_259' title='bbox 728 3063 776 3117; x_wconf 91' lang='lat' dir='ltr'><strong>be·</strong></span> <span class='ocrx_word' id='word_1_260' title='bbox 831 3064 862 3117; x_wconf 91' lang='lat' dir='ltr'><strong>in</strong></span> <span class='ocrx_word' id='word_1_261' title='bbox 889 3065 980 3117; x_wconf 81' lang='lat' dir='ltr'><strong>incius</strong></span> <span class='ocrx_word' id='word_1_262' title='bbox 1006 3064 1130 3134; x_wconf 74' lang='lat' dir='ltr'><strong>cuipare,</strong></span> <span class='ocrx_word' id='word_1_263' title='bbox 1163 3069 1194 3129; x_wconf 84' lang='lat'><strong>4,</strong></span> <span class='ocrx_word' id='word_1_264' title='bbox 1222 3068 1256 3116; x_wconf 86' lang='grc'><strong>23</strong></span> <span class='ocrx_word' id='word_1_265' title='bbox 1284 3064 1388 3130; x_wconf 84' lang='lat' dir='ltr'><strong>audiri,</strong></span> 
     </span>
    </p>

    <p class='ocr_par' dir='ltr' id='par_1_7' title="bbox 217 3128 1388 3273">
     <span class='ocr_line' id='line_1_33' title="bbox 217 3128 1388 3201; baseline 0.005 -20"><span class='ocrx_word' id='word_1_266' title='bbox 217 3128 418 3198; x_wconf 72' lang='lat' dir='ltr'><strong>schtftigend&#39;.</strong></span> <span class='ocrx_word' id='word_1_267' title='bbox 455 3132 519 3199; x_wconf 87' lang='lat' dir='ltr'><strong>Vgl.</strong></span> <span class='ocrx_word' id='word_1_268' title='bbox 539 3150 572 3185; x_wconf 83' lang='lat' dir='ltr'><strong>zu</strong></span> <span class='ocrx_word' id='word_1_269' title='bbox 591 3138 616 3200; x_wconf 91' lang='grc'><strong>2,</strong></span> <span class='ocrx_word' id='word_1_270' title='bbox 637 3138 679 3187; x_wconf 90' lang='lat'>14.</span> <span class='ocrx_word' id='word_1_271' title='bbox 831 3132 896 3189; x_wconf 89' lang='lat' dir='ltr'><strong>hist.</strong></span> <span class='ocrx_word' id='word_1_272' title='bbox 914 3136 1160 3201; x_wconf 83' lang='lat' dir='ltr'><strong>1,18crederetur.</strong></span> <span class='ocrx_word' id='word_1_273' title='bbox 1185 3134 1212 3188; x_wconf 83' lang='lat' dir='ltr'><strong>S.</strong></span> <span class='ocrx_word' id='word_1_274' title='bbox 1227 3133 1300 3188; x_wconf 86' lang='lat' dir='ltr'><strong>Einl.</strong></span> <span class='ocrx_word' id='word_1_275' title='bbox 1315 3139 1339 3199; x_wconf 78' lang='lat'><strong>§.</strong></span> <span class='ocrx_word' id='word_1_276' title='bbox 1354 3139 1388 3187; x_wconf 81' lang='lat'>49</span> 
     </span>
     <span class='ocr_line' id='line_1_34' title="bbox 253 3200 980 3273; baseline 0.007 -19"><span class='ocrx_word' id='word_1_277' title='bbox 253 3207 278 3254; x_wconf 77' lang='lat'><strong>7.</strong></span> <span class='ocrx_word' id='word_1_278' title='bbox 296 3203 343 3255; x_wconf 86' lang='lat' dir='ltr'><strong>aui</strong></span> <span class='ocrx_word' id='word_1_279' title='bbox 356 3217 377 3256; x_wconf 89' lang='grc'><strong>1.</strong></span> <span class='ocrx_word' id='word_1_280' title='bbox 392 3200 465 3256; x_wconf 85' lang='lat' dir='ltr'><strong>Einl.</strong></span> <span class='ocrx_word' id='word_1_281' title='bbox 481 3208 504 3268; x_wconf 71' lang='lat'><strong>5.</strong></span> <span class='ocrx_word' id='word_1_282' title='bbox 515 3207 558 3256; x_wconf 83' lang='grc'><strong>42,</strong></span> <span class='ocrx_word' id='word_1_283' title='bbox 569 3234 602 3242; x_wconf 95' lang='grc'>-</span> <span class='ocrx_word' id='word_1_284' title='bbox 616 3205 777 3273; x_wconf 71' lang='lat' dir='ltr'><strong>legionariis</strong></span> <span class='ocrx_word' id='word_1_285' title='bbox 829 3222 875 3259; x_wconf 89' lang='lat' dir='ltr'><strong>am</strong></span> <span class='ocrx_word' id='word_1_286' title='bbox 894 3203 980 3259; x_wconf 83' lang='lat' dir='ltr'><strong>Euda.</strong></span> 
     </span>
    </p>

    <p class='ocr_par' dir='ltr' id='par_1_8' title="bbox 216 3270 1391 3415">
     <span class='ocr_line' id='line_1_35' title="bbox 216 3270 1391 3337; baseline 0.003 -11"><span class='ocrx_word' id='word_1_287' title='bbox 216 3272 301 3326; x_wconf 75' lang='lat' dir='ltr'><strong>armis</strong></span> <span class='ocrx_word' id='word_1_288' title='bbox 319 3270 356 3324; x_wconf 90' lang='lat' dir='ltr'><strong>ib.</strong></span> <span class='ocrx_word' id='word_1_289' title='bbox 377 3277 400 3337; x_wconf 74' lang='lat'><strong>§-</strong></span> <span class='ocrx_word' id='word_1_290' title='bbox 420 3277 462 3328; x_wconf 82' lang='lat'><strong>38.</strong></span> <span class='ocrx_word' id='word_1_291' title='bbox 867 3281 892 3329; x_wconf 81' lang='grc'><strong>1.</strong></span> <span class='ocrx_word' id='word_1_292' title='bbox 921 3276 1005 3330; x_wconf 79' lang='lat' dir='ltr'><strong>libelii</strong></span> <span class='ocrx_word' id='word_1_293' title='bbox 1032 3280 1222 3331; x_wconf 82' lang='lat' dir='ltr'><strong>accusatorum</strong></span> <span class='ocrx_word' id='word_1_294' title='bbox 1254 3274 1318 3328; x_wconf 85' lang='lat' dir='ltr'><strong>sind</strong></span> <span class='ocrx_word' id='word_1_295' title='bbox 1345 3273 1391 3329; x_wconf 90' lang='lat' dir='ltr'><strong>dia</strong></span> 
     </span>
     <span class='ocr_line' id='line_1_36' title="bbox 252 3343 1391 3415; baseline 0 -18"><span class='ocrx_word' id='word_1_296' title='bbox 252 3348 277 3397; x_wconf 87' lang='lat'><strong>8.</strong></span> <span class='ocrx_word' id='word_1_297' title='bbox 301 3343 464 3413; x_wconf 71' lang='lat' dir='ltr'><strong>gladiatura</strong></span> <span class='ocrx_word' id='word_1_298' title='bbox 482 3344 557 3399; x_wconf 86' lang='lat' dir='ltr'><strong>wohl</strong></span> <span class='ocrx_word' id='word_1_299' title='bbox 576 3363 627 3399; x_wconf 90' lang='lat' dir='ltr'><strong>nur</strong></span> <span class='ocrx_word' id='word_1_300' title='bbox 645 3346 718 3400; x_wconf 89' lang='lat' dir='ltr'><strong>noch</strong></span> <span class='ocrx_word' id='word_1_301' title='bbox 736 3345 776 3400; x_wconf 93' lang='lat' dir='ltr'><strong>im</strong></span> <span class='ocrx_word' id='word_1_302' title='bbox 830 3345 976 3415; x_wconf 85' lang='lat' dir='ltr'><strong>Eingaben</strong></span> <span class='ocrx_word' id='word_1_303' title='bbox 1005 3346 1054 3400; x_wconf 88' lang='lat' dir='ltr'><strong>der</strong></span> <span class='ocrx_word' id='word_1_304' title='bbox 1082 3347 1234 3401; x_wconf 91' lang='lat' dir='ltr'><strong>Delatoren</strong></span> <span class='ocrx_word' id='word_1_305' title='bbox 1269 3363 1305 3400; x_wconf 86' lang='lat' dir='ltr'><strong>an</strong></span> <span class='ocrx_word' id='word_1_306' title='bbox 1337 3345 1391 3398; x_wconf 90' lang='lat' dir='ltr'><strong>den</strong></span> 
     </span>
    </p>

    <p class='ocr_par' dir='ltr' id='par_1_9' title="bbox 217 3412 1392 3627">
     <span class='ocr_line' id='line_1_37' title="bbox 217 3412 939 3483; baseline 0.006 -16"><span class='ocrx_word' id='word_1_307' title='bbox 217 3412 382 3483; x_wconf 80' lang='lat' dir='ltr'><strong>Sp&#39;atlatein.</strong></span> <span class='ocrx_word' id='word_1_308' title='bbox 830 3416 939 3471; x_wconf 86' lang='lat' dir='ltr'><strong>Kaisar.</strong></span> 
     </span>
     <span class='ocr_line' id='line_1_38' title="bbox 253 3485 1388 3557; baseline 0.001 -18"><span class='ocrx_word' id='word_1_309' title='bbox 253 3491 277 3541; x_wconf 83' lang='grc'><strong>9.</strong></span> <span class='ocrx_word' id='word_1_310' title='bbox 295 3487 419 3555; x_wconf 72' lang='lat' dir='ltr'><strong>gentiana</strong></span> <span class='ocrx_word' id='word_1_311' title='bbox 437 3487 509 3541; x_wconf 90' lang='lat' dir='ltr'><strong>noch</strong></span> <span class='ocrx_word' id='word_1_312' title='bbox 530 3492 555 3555; x_wconf 82' lang='grc'><strong>6,</strong></span> <span class='ocrx_word' id='word_1_313' title='bbox 574 3493 617 3541; x_wconf 86' lang='grc'><strong>33.</strong></span> <span class='ocrx_word' id='word_1_314' title='bbox 867 3494 892 3542; x_wconf 85' lang='grc'><strong>9.</strong></span> <span class='ocrx_word' id='word_1_315' title='bbox 911 3493 1040 3543; x_wconf 74' lang='grc'><strong>11111111</strong></span> <span class='ocrx_word' id='word_1_316' title='bbox 1058 3488 1190 3557; x_wconf 81' lang='lat' dir='ltr'><strong>epistulae</strong></span> <span class='ocrx_word' id='word_1_317' title='bbox 1208 3486 1254 3541; x_wconf 87' lang='lat' dir='ltr'><strong>die</strong></span> <span class='ocrx_word' id='word_1_318' title='bbox 1272 3485 1388 3541; x_wconf 86' lang='lat' dir='ltr'><strong>Befahle</strong></span> 
     </span>
     <span class='ocr_line' id='line_1_39' title="bbox 255 3557 1392 3627; baseline 0.001 -17"><span class='ocrx_word' id='word_1_319' title='bbox 255 3562 295 3610; x_wconf 88' lang='lat'><strong>10.</strong></span> <span class='ocrx_word' id='word_1_320' title='bbox 310 3557 443 3611; x_wconf 80' lang='lat' dir='ltr'><strong>inhabilia</strong></span> <span class='ocrx_word' id='word_1_321' title='bbox 457 3558 510 3612; x_wconf 89' lang='lat' dir='ltr'><strong>mit</strong></span> <span class='ocrx_word' id='word_1_322' title='bbox 523 3559 588 3612; x_wconf 89' lang='lat' dir='ltr'><strong>dem</strong></span> <span class='ocrx_word' id='word_1_323' title='bbox 598 3557 715 3613; x_wconf 86' lang='lat' dir='ltr'><strong>Dativus</strong></span> <span class='ocrx_word' id='word_1_324' title='bbox 729 3576 777 3627; x_wconf 83' lang='lat' dir='ltr'><strong>ge·</strong></span> <span class='ocrx_word' id='word_1_325' title='bbox 832 3560 881 3613; x_wconf 88' lang='lat' dir='ltr'><strong>des</strong></span> <span class='ocrx_word' id='word_1_326' title='bbox 899 3558 1026 3625; x_wconf 86' lang='lat' dir='ltr'><strong>Kaisers,</strong></span> <span class='ocrx_word' id='word_1_327' title='bbox 1047 3559 1136 3613; x_wconf 90' lang='lat' dir='ltr'><strong>durch</strong></span> <span class='ocrx_word' id='word_1_328' title='bbox 1158 3558 1265 3613; x_wconf 86' lang='lat' dir='ltr'><strong>welche</strong></span> <span class='ocrx_word' id='word_1_329' title='bbox 1288 3574 1319 3612; x_wconf 90' lang='lat' dir='ltr'><strong>er</strong></span> <span class='ocrx_word' id='word_1_330' title='bbox 1337 3557 1392 3611; x_wconf 88' lang='lat' dir='ltr'><strong>den</strong></span> 
     </span>
    </p>

    <p class='ocr_par' dir='ltr' id='par_1_10' title="bbox 216 3626 1390 3698">
     <span class='ocr_line' id='line_1_40' title="bbox 216 3626 1390 3698; baseline 0.001 -18"><span class='ocrx_word' id='word_1_331' title='bbox 216 3626 328 3681; x_wconf 86' lang='lat' dir='ltr'><strong>rundivi</strong></span> <span class='ocrx_word' id='word_1_332' title='bbox 341 3645 395 3680; x_wconf 88' lang='lat' dir='ltr'><strong>nur</strong></span> <span class='ocrx_word' id='word_1_333' title='bbox 409 3627 470 3682; x_wconf 91' lang='lat' dir='ltr'><strong>hier</strong></span> <span class='ocrx_word' id='word_1_334' title='bbox 483 3630 540 3682; x_wconf 90' lang='lat' dir='ltr'><strong>und</strong></span> <span class='ocrx_word' id='word_1_335' title='bbox 554 3629 593 3682; x_wconf 90' lang='lat' dir='ltr'><strong>im</strong></span> <span class='ocrx_word' id='word_1_336' title='bbox 609 3628 775 3698; x_wconf 73' lang='lat' dir='ltr'><strong>Spdtlatein.</strong></span> <span class='ocrx_word' id='word_1_337' title='bbox 831 3629 917 3684; x_wconf 80' lang='lat' dir='ltr'><strong>Sonat</strong></span> <span class='ocrx_word' id='word_1_338' title='bbox 939 3648 987 3683; x_wconf 84' lang='lat' dir='ltr'><strong>aur</strong></span> <span class='ocrx_word' id='word_1_339' title='bbox 1005 3628 1168 3698; x_wconf 80' lang='lat' dir='ltr'><strong>Einleitung</strong></span> <span class='ocrx_word' id='word_1_340' title='bbox 1192 3628 1242 3682; x_wconf 89' lang='lat' dir='ltr'><strong>der</strong></span> <span class='ocrx_word' id='word_1_341' title='bbox 1260 3630 1390 3683; x_wconf 84' lang='lat' dir='ltr'><strong>Prozesse</strong></span> 
     </span>
    </p>

    <p class='ocr_par' dir='ltr' id='par_1_11' title="bbox 216 3697 994 3770">
     <span class='ocr_line' id='line_1_41' title="bbox 216 3697 994 3770; baseline 0.006 -20"><span class='ocrx_word' id='word_1_342' title='bbox 216 3697 281 3766; x_wconf 81' lang='lat' dir='ltr'><strong>Vgl.</strong></span> <span class='ocrx_word' id='word_1_343' title='bbox 298 3703 339 3766; x_wconf 95' lang='grc'><strong>12,</strong></span> <span class='ocrx_word' id='word_1_344' title='bbox 354 3704 387 3751; x_wconf 89' lang='grc'><strong>41</strong></span> <span class='ocrx_word' id='word_1_345' title='bbox 404 3702 582 3768; x_wconf 78' lang='lat' dir='ltr'><strong>capessendae</strong></span> <span class='ocrx_word' id='word_1_346' title='bbox 594 3703 635 3756; x_wconf 90' lang='lat' dir='ltr'><strong>rei</strong></span> <span class='ocrx_word' id='word_1_347' title='bbox 647 3701 777 3770; x_wconf 80' lang='lat' dir='ltr'><strong>publicae</strong></span> <span class='ocrx_word' id='word_1_348' title='bbox 831 3700 994 3756; x_wconf 84' lang='lat' dir='ltr'><strong>auffordert.</strong></span> 
     </span>
    </p>

    <p class='ocr_par' dir='ltr' id='par_1_12' title="bbox 216 3769 1390 3837">
     <span class='ocr_line' id='line_1_42' title="bbox 216 3769 1390 3837; baseline 0 -13"><span class='ocrx_word' id='word_1_349' title='bbox 216 3770 324 3824; x_wconf 81' lang='lat' dir='ltr'><strong>habilia.</strong></span> <span class='ocrx_word' id='word_1_350' title='bbox 366 3769 508 3825; x_wconf 84' lang='lat' dir='ltr'><strong>hetateres</strong></span> <span class='ocrx_word' id='word_1_351' title='bbox 541 3772 613 3824; x_wconf 88' lang='lat' dir='ltr'><strong>auch</strong></span> <span class='ocrx_word' id='word_1_352' title='bbox 638 3771 685 3825; x_wconf 90' lang='lat' dir='ltr'><strong>bei</strong></span> <span class='ocrx_word' id='word_1_353' title='bbox 711 3771 776 3825; x_wconf 91' lang='lat' dir='ltr'><strong>dem</strong></span> <span class='ocrx_word' id='word_1_354' title='bbox 868 3776 909 3825; x_wconf 84' lang='lat'><strong>10.</strong></span> <span class='ocrx_word' id='word_1_355' title='bbox 929 3772 993 3826; x_wconf 84' lang='lat' dir='ltr'><strong>hene</strong></span> <span class='ocrx_word' id='word_1_356' title='bbox 1011 3770 1187 3830; x_wconf 69' lang='lat' dir='ltr'><strong>adverbium,</strong></span> <span class='ocrx_word' id='word_1_357' title='bbox 1208 3770 1256 3825; x_wconf 86' lang='lat' dir='ltr'><strong>des</strong></span> <span class='ocrx_word' id='word_1_358' title='bbox 1275 3769 1390 3837; x_wconf 86' lang='lat' dir='ltr'><strong>Urteils,</strong></span> 
     </span>
    </p>

    <p class='ocr_par' dir='ltr' id='par_1_13' title="bbox 216 3838 1010 3911">
     <span class='ocr_line' id='line_1_43' title="bbox 216 3838 1010 3911; baseline 0.005 -18"><span class='ocrx_word' id='word_1_359' title='bbox 216 3840 325 3895; x_wconf 75' lang='lat' dir='ltr'><strong>tlteren</strong></span> <span class='ocrx_word' id='word_1_360' title='bbox 347 3838 455 3894; x_wconf 88' lang='lat' dir='ltr'><strong>Plinius</strong></span> <span class='ocrx_word' id='word_1_361' title='bbox 484 3840 541 3894; x_wconf 90' lang='lat' dir='ltr'><strong>und</strong></span> <span class='ocrx_word' id='word_1_362' title='bbox 567 3840 660 3898; x_wconf 85' lang='lat' dir='ltr'><strong>Silius.</strong></span> <span class='ocrx_word' id='word_1_363' title='bbox 701 3842 777 3895; x_wconf 86' lang='lat' dir='ltr'><strong>Aber</strong></span> <span class='ocrx_word' id='word_1_364' title='bbox 831 3843 865 3896; x_wconf 85' lang='lat' dir='ltr'><strong>cf.</strong></span> <span class='ocrx_word' id='word_1_365' title='bbox 887 3849 911 3911; x_wconf 93' lang='lat'><strong>1,</strong></span> <span class='ocrx_word' id='word_1_366' title='bbox 929 3848 969 3910; x_wconf 87' lang='lat'><strong>18,</strong></span> <span class='ocrx_word' id='word_1_367' title='bbox 985 3848 1010 3897; x_wconf 82' lang='lat'><strong>9.</strong></span> 
     </span>
    </p>

    <p class='ocr_par' dir='ltr' id='par_1_14' title="bbox 217 3909 1391 3981">
     <span class='ocr_line' id='line_1_44' title="bbox 217 3909 1391 3981; baseline 0 -18"><span class='ocrx_word' id='word_1_368' title='bbox 217 3910 340 3964; x_wconf 87' lang='lat' dir='ltr'><strong>dieselbe</strong></span> <span class='ocrx_word' id='word_1_369' title='bbox 365 3909 570 3967; x_wconf 85' lang='lat' dir='ltr'><strong>Konstruktion</strong></span> <span class='ocrx_word' id='word_1_370' title='bbox 590 3911 638 3965; x_wconf 86' lang='lat' dir='ltr'><strong>bei</strong></span> <span class='ocrx_word' id='word_1_371' title='bbox 661 3914 776 3981; x_wconf 78' lang='lat' dir='ltr'><strong>impene-</strong></span> <span class='ocrx_word' id='word_1_372' title='bbox 868 3921 909 3968; x_wconf 85' lang='lat'><strong>12.</strong></span> <span class='ocrx_word' id='word_1_373' title='bbox 942 3913 1061 3969; x_wconf 81' lang='lat' dir='ltr'><strong>altitudo</strong></span> <span class='ocrx_word' id='word_1_374' title='bbox 1086 3909 1391 3978; x_wconf 82' lang='lat' dir='ltr'><strong>‘Verschlossenheit&#39;,</strong></span> 
     </span>
    </p>

    <p class='ocr_par' dir='ltr' id='par_1_15' title="bbox 216 3976 1391 4124">
     <span class='ocr_line' id='line_1_45' title="bbox 216 3976 1391 4052; baseline 0 -17"><span class='ocrx_word' id='word_1_375' title='bbox 216 3983 325 4035; x_wconf 80' lang='lat' dir='ltr'><strong>trahitis</strong></span> <span class='ocrx_word' id='word_1_376' title='bbox 343 3981 380 4034; x_wconf 89' lang='lat' dir='ltr'><strong>ist</strong></span> <span class='ocrx_word' id='word_1_377' title='bbox 398 3976 446 4035; x_wconf 80' lang='lat' dir='ltr'><strong>dn.</strong></span> <span class='ocrx_word' id='word_1_378' title='bbox 468 3981 518 4050; x_wconf 73' lang='lat' dir='ltr'><strong>rip.</strong></span> <span class='ocrx_word' id='word_1_379' title='bbox 831 3983 883 4039; x_wconf 84' lang='lat' dir='ltr'><strong>wie</strong></span> <span class='ocrx_word' id='word_1_380' title='bbox 902 3983 969 4039; x_wconf 88' lang='lat' dir='ltr'><strong>hist.</strong></span> <span class='ocrx_word' id='word_1_381' title='bbox 987 3988 1013 4052; x_wconf 88' lang='lat'><strong>4,</strong></span> <span class='ocrx_word' id='word_1_382' title='bbox 1033 3989 1066 4038; x_wconf 85' lang='grc'><strong>86</strong></span> <span class='ocrx_word' id='word_1_383' title='bbox 1085 3985 1118 4037; x_wconf 88' lang='lat' dir='ltr'><strong>in</strong></span> <span class='ocrx_word' id='word_1_384' title='bbox 1136 3982 1310 4039; x_wconf 79' lang='lat' dir='ltr'><strong>altitudinem</strong></span> <span class='ocrx_word' id='word_1_385' title='bbox 1329 3997 1391 4037; x_wconf 87' lang='lat' dir='ltr'><strong>con-</strong></span> 
     </span>
     <span class='ocr_line' id='line_1_46' title="bbox 254 4050 1390 4124; baseline 0.002 -21"><span class='ocrx_word' id='word_1_386' title='bbox 254 4056 295 4105; x_wconf 83' lang='lat'><strong>12.</strong></span> <span class='ocrx_word' id='word_1_387' title='bbox 308 4051 414 4106; x_wconf 83' lang='lat' dir='ltr'><strong>uiritim</strong></span> <span class='ocrx_word' id='word_1_388' title='bbox 428 4053 499 4106; x_wconf 88' lang='grc'><strong>11111</strong></span> <span class='ocrx_word' id='word_1_389' title='bbox 508 4053 650 4121; x_wconf 82' lang='lat' dir='ltr'><strong>priuatim.</strong></span> <span class='ocrx_word' id='word_1_390' title='bbox 675 4051 711 4108; x_wconf 83' lang='lat' dir='ltr'><strong>So</strong></span> <span class='ocrx_word' id='word_1_391' title='bbox 725 4054 774 4108; x_wconf 91' lang='lat' dir='ltr'><strong>be·</strong></span> <span class='ocrx_word' id='word_1_392' title='bbox 829 4056 912 4109; x_wconf 84' lang='lat' dir='ltr'><strong>ditur.</strong></span> <span class='ocrx_word' id='word_1_393' title='bbox 932 4054 1138 4124; x_wconf 62' lang='lat' dir='ltr'><strong>subiugata</strong></span> <span class='ocrx_word' id='word_1_394' title='bbox 1155 4055 1219 4122; x_wconf 83' lang='lat' dir='ltr'><strong>sagt</strong></span> <span class='ocrx_word' id='word_1_395' title='bbox 1233 4069 1287 4109; x_wconf 88' lang='lat' dir='ltr'><strong>von</strong></span> <span class='ocrx_word' id='word_1_396' title='bbox 1298 4050 1390 4106; x_wconf 69' lang='lat' dir='ltr'><strong>Sullae</strong></span> 
     </span>
    </p>

    <p class='ocr_par' dir='ltr' id='par_1_16' title="bbox 216 4120 1391 4193">
     <span class='ocr_line' id='line_1_47' title="bbox 216 4120 1391 4193; baseline 0.005 -22"><span class='ocrx_word' id='word_1_397' title='bbox 216 4120 776 4179; x_wconf 65' lang='grc'><strong>111111111111111111651111111111</strong></span> <span class='ocrx_word' id='word_1_398' title='bbox 829 4127 867 4180; x_wconf 91' lang='lat' dir='ltr'><strong>ad</strong></span> <span class='ocrx_word' id='word_1_399' title='bbox 888 4126 1048 4181; x_wconf 75' lang='lat' dir='ltr'><strong>simulanda</strong></span> <span class='ocrx_word' id='word_1_400' title='bbox 1078 4124 1322 4193; x_wconf 71' lang='lat' dir='ltr'><strong>(dissimulandat)</strong></span> <span class='ocrx_word' id='word_1_401' title='bbox 1346 4139 1391 4177; x_wconf 88' lang='lat' dir='ltr'><strong>ne-</strong></span> 
     </span>
    </p>

    <p class='ocr_par' dir='ltr' id='par_1_17' title="bbox 217 4190 1390 4408">
     <span class='ocr_line' id='line_1_48' title="bbox 217 4190 1390 4266; baseline 0.003 -22"><span class='ocrx_word' id='word_1_402' title='bbox 217 4190 774 4264; x_wconf 63' lang='grc'><strong>1111111111111111711113112,1112.</strong></span> <span class='ocrx_word' id='word_1_403' title='bbox 828 4197 905 4266; x_wconf 76' lang='lat' dir='ltr'><strong>potia</strong></span> <span class='ocrx_word' id='word_1_404' title='bbox 932 4197 1051 4252; x_wconf 87' lang='lat' dir='ltr'><strong>altitudo</strong></span> <span class='ocrx_word' id='word_1_405' title='bbox 1078 4197 1186 4266; x_wconf 75' lang='lat' dir='ltr'><strong>inqenii</strong></span> <span class='ocrx_word' id='word_1_406' title='bbox 1212 4193 1390 4250; x_wconf 83' lang='lat' dir='ltr'><strong>incredibilis.</strong></span> 
     </span>
     <span class='ocr_line' id='line_1_49' title="bbox 254 4261 1390 4340; baseline 0.005 -28"><span class='ocrx_word' id='word_1_407' title='bbox 254 4266 295 4313; x_wconf 85' lang='lat'><strong>13.</strong></span> <span class='ocrx_word' id='word_1_408' title='bbox 315 4261 449 4340; x_wconf 70' lang='lat' dir='ltr'><strong>ambigere</strong></span> <span class='ocrx_word' id='word_1_409' title='bbox 474 4264 625 4332; x_wconf 88' lang='lat' dir='ltr'><strong>‘streiten&#39;,</strong></span> <span class='ocrx_word' id='word_1_410' title='bbox 649 4281 670 4319; x_wconf 89' lang='grc'><strong>1.</strong></span> <span class='ocrx_word' id='word_1_411' title='bbox 690 4270 716 4332; x_wconf 89' lang='lat'><strong>4,</strong></span> <span class='ocrx_word' id='word_1_412' title='bbox 732 4271 775 4321; x_wconf 81' lang='lat'><strong>55.</strong></span> <span class='ocrx_word' id='word_1_413' title='bbox 829 4268 924 4322; x_wconf 84' lang='lat' dir='ltr'><strong>Etwas</strong></span> <span class='ocrx_word' id='word_1_414' title='bbox 942 4267 1042 4321; x_wconf 88' lang='lat' dir='ltr'><strong>anders</strong></span> <span class='ocrx_word' id='word_1_415' title='bbox 1062 4267 1107 4322; x_wconf 93' lang='lat' dir='ltr'><strong>bei</strong></span> <span class='ocrx_word' id='word_1_416' title='bbox 1127 4267 1183 4323; x_wconf 82' lang='lat' dir='ltr'><strong>Cic.</strong></span> <span class='ocrx_word' id='word_1_417' title='bbox 1203 4265 1248 4321; x_wconf 84' lang='lat' dir='ltr'><strong>off.</strong></span> <span class='ocrx_word' id='word_1_418' title='bbox 1269 4271 1282 4319; x_wconf 95' lang='lat'>1</span> <span class='ocrx_word' id='word_1_419' title='bbox 1303 4270 1327 4330; x_wconf 78' lang='lat'><strong>§.</strong></span> <span class='ocrx_word' id='word_1_420' title='bbox 1347 4269 1390 4330; x_wconf 85' lang='lat'><strong>88,</strong></span> 
     </span>
     <span class='ocr_line' id='line_1_50' title="bbox 255 4330 1066 4408; baseline 0.011 -26"><span class='ocrx_word' id='word_1_421' title='bbox 255 4335 296 4382; x_wconf 88' lang='lat'><strong>14.</strong></span> <span class='ocrx_word' id='word_1_422' title='bbox 315 4330 402 4384; x_wconf 80' lang='lat' dir='ltr'><strong>ineat.</strong></span> <span class='ocrx_word' id='word_1_423' title='bbox 420 4348 475 4385; x_wconf 82' lang='lat' dir='ltr'><strong>sen.</strong></span> <span class='ocrx_word' id='word_1_424' title='bbox 499 4335 571 4387; x_wconf 90' lang='lat' dir='ltr'><strong>nach</strong></span> <span class='ocrx_word' id='word_1_425' title='bbox 591 4335 650 4390; x_wconf 73' lang='lat' dir='ltr'><strong>biv.</strong></span> <span class='ocrx_word' id='word_1_426' title='bbox 670 4341 694 4404; x_wconf 89' lang='grc'><strong>6,</strong></span> <span class='ocrx_word' id='word_1_427' title='bbox 714 4341 739 4405; x_wconf 89' lang='grc'><strong>8,</strong></span> <span class='ocrx_word' id='word_1_428' title='bbox 759 4343 774 4389; x_wconf 92' lang='grc'><strong>2</strong></span> <span class='ocrx_word' id='word_1_429' title='bbox 829 4337 901 4408; x_wconf 87' lang='lat' dir='ltr'><strong>part.</strong></span> <span class='ocrx_word' id='word_1_430' title='bbox 921 4355 959 4395; x_wconf 91' lang='lat' dir='ltr'><strong>or.</strong></span> <span class='ocrx_word' id='word_1_431' title='bbox 978 4343 1002 4404; x_wconf 66' lang='grc' dir='ltr'><strong>ξ.</strong></span> <span class='ocrx_word' id='word_1_432' title='bbox 1023 4344 1066 4393; x_wconf 81' lang='grc'><strong>17.</strong></span> 
     </span>
    </p>

    <p class='ocr_par' dir='ltr' id='par_1_18' title="bbox 216 4395 1392 4475">
     <span class='ocr_line' id='line_1_51' title="bbox 216 4395 1392 4475; baseline -0.003 -13"><span class='ocrx_word' id='word_1_433' title='bbox 216 4404 321 4454; x_wconf 62' lang='lat' dir='ltr'><strong>semeia</strong></span> <span class='ocrx_word' id='word_1_434' title='bbox 338 4398 499 4456; x_wconf 68' lang='lat' dir='ltr'><strong>invalidum·</strong></span> <span class='ocrx_word' id='word_1_435' title='bbox 869 4412 909 4463; x_wconf 80' lang='lat'><strong>13.</strong></span> <span class='ocrx_word' id='word_1_436' title='bbox 926 4395 1002 4464; x_wconf 72' lang='lat' dir='ltr'><strong>liber</strong></span> <span class='ocrx_word' id='word_1_437' title='bbox 1012 4408 1065 4462; x_wconf 89' lang='lat' dir='ltr'><strong>den</strong></span> <span class='ocrx_word' id='word_1_438' title='bbox 1075 4408 1253 4475; x_wconf 89' lang='lat' dir='ltr'><strong>Hexameter,</strong></span> <span class='ocrx_word' id='word_1_439' title='bbox 1266 4406 1392 4461; x_wconf 82' lang='lat' dir='ltr'><strong>walchen</strong></span> 
     </span>
    </p>
   </div>
   <div class='ocr_carea' id='block_1_5' title="bbox 0 0 1550 4834">
    <p class='ocr_par' dir='ltr' id='par_1_19' title="bbox 0 0 1550 4834">
     <span class='ocr_line' id='line_1_52' title="bbox 0 0 1550 4834; baseline 0 1"><span class='ocrx_word' id='word_1_440' title='bbox 0 0 1550 4834; x_wconf 95' lang='lat' dir='ltr'><strong> </strong></span> 
     </span>
    </p>
   </div>
  </div>
 </body>
</html>
