3092 4834
196 170 263 234 240
344 169 375 224 Ρ.
395 170 567 226 CORNELII
585 170 707 226 TACITI
724 170 773 225 AB
793 171 954 228 Excusso
972 172 1050 227 DIVI
1067 173 1227 228 AUGUSTI

196 331 399 417 Agrippinae
423 334 626 417 offensiones,
643 332 739 417 idque
763 334 943 400 liberorum
964 357 1070 400 causa.
1110 357 1186 400 nam
1206 336 1270 401 sibi
1288 338 1374 401 mul·

195 423 266 484 tum
296 443 455 505 superque
483 423 569 486 ritae
597 422 681 501 iore,
707 422 793 506 quod
818 424 879 487 tali
903 445 975 488 curn
998 423 1144 508 principe
1168 423 1375 507 explevisset.

142 509 187 573 40
286 508 338 573 Ad
371 531 409 574 ea
437 509 586 575 Tiberius
618 511 750 575 laudata
784 511 906 594 pietate
934 509 1042 576 Seiani
1075 513 1203 596 suisque
1236 512 1271 576 in
1298 535 1374 578 eum

92 639 96 647 ·
197 597 363 662 boneficiis
387 599 512 663 modice
534 599 705 682 percursis,
727 620 801 663 cum
819 604 946 683 tempus
965 604 1131 685 tamquam
1150 600 1190 663 ad
1208 601 1374 685 integram

197 686 468 751 consultationem
500 687 683 771 petivisset,
716 686 873 751 adiunxit:
907 689 1023 753 ceteris
1051 689 1244 753 mortalibus
1271 689 1306 753 in
1333 712 1374 755 eo

198 777 285 839 stare
309 774 454 858 consilia,
477 775 553 859 quid
578 776 641 840 sibi
659 775 838 840 conducere
856 779 985 860 putent,
1010 776 1192 861 principum
1211 776 1373 842 diversam

161 879 268 927 cesse
300 867 436 947 sortem,
469 863 586 945 quibus
618 864 793 948 praecipua
824 886 932 929 rerum
963 864 1004 928 ad
1035 863 1156 929 famam
1188 865 1373 950 derigenda.

196 950 269 1015 ideo
298 973 422 1016 senon
446 951 524 1017 illuc
547 952 728 1036 decurrere,
756 952 841 1035 quod
864 956 1051 1036 promptum
1075 954 1247 1036 rescriptu,
1276 976 1373 1037 posse

195 1038 300 1123 ipsam
316 1037 442 1104 Liviam
461 1044 613 1122 statuere,
630 1041 817 1106 nubendum
835 1045 911 1124 post
926 1041 1069 1106 Drusum
1087 1062 1130 1105 un
1148 1041 1183 1105 in
1200 1044 1373 1125 penatibus

195 1127 296 1191 isdem
330 1128 535 1192 tolerandum
562 1127 711 1212 haberet,
745 1150 815 1193 esse
842 1129 892 1192 illi
920 1133 1058 1192 matrem
1087 1132 1121 1192 et
1148 1131 1268 1210 aviam,
1299 1152 1374 1215 pro·

195 1215 291 1299 piora
327 1217 475 1280 consilia.
530 1216 709 1300 simplicius
747 1220 909 1281 acturum:
946 1216 985 1281 de
1020 1216 1199 1284 inimicitiis
1231 1218 1373 1301 primum

143 1320 177 1371 10
195 1302 406 1388 Agrippinae,
430 1326 510 1388 quas
533 1305 631 1389 longe
655 1306 759 1369 acrius
783 1327 921 1384 arsuras,
944 1306 972 1369 si
995 1305 1238 1370 matrimonium
1260 1306 1374 1371 Liviae

196 1393 286 1457 velut
317 1393 351 1456 in
382 1398 493 1477 partes
526 1393 657 1458 domum
690 1391 866 1459 Caesarum
899 1393 1113 1458 distraxisset
1167 1394 1215 1457 sio
1247 1415 1374 1479 quoque

196 1501 365 1564 erumpere
399 1482 649 1546 aemulationem
682 1481 890 1565 feminarum,
923 1503 1023 1566 eaque
1053 1481 1214 1546 discordia
1239 1488 1374 1566 nepotes

196 1590 272 1633 suos
311 1570 464 1634 convelli:
501 1570 578 1654 quid
615 1571 643 1633 si
679 1570 867 1634 intendatur
903 1574 1067 1634 certamen
1103 1570 1162 1634 tali
1199 1570 1373 1656 coniugio?

196 1656 332 1722 ‘falleris
356 1659 451 1741 enim,
476 1657 606 1742 Seiano,
628 1659 656 1722 si
679 1661 712 1721 te
736 1680 923 1723 mansurum
947 1658 981 1722 in
1005 1658 1116 1723 eodem
1141 1657 1252 1723 ordine
1275 1662 1372 1741 putas

144 1763 177 1810 15
197 1749 230 1809 et
257 1745 398 1828 Liviam,
430 1767 511 1830 quae
540 1745 623 1809 Gaio
652 1743 797 1829 Caesari,
827 1768 903 1810 mox
929 1746 1037 1810 Druso
1065 1750 1167 1828 nupta
1194 1747 1307 1829 fuerit,
1334 1769 1373 1810 ea

197 1837 305 1899 mente
326 1838 480 1916 acturam,
497 1837 535 1897 ut
553 1855 626 1899 cum
645 1834 752 1918 equite
766 1833 916 1898 Romano
935 1839 1089 1898 senescat.
1127 1855 1188 1919 ego
1207 1839 1244 1897 ut
1258 1835 1372 1916 sinam,

196 1923 343 1986 credisne
375 1943 530 2005 passuros
563 1923 619 2007 qui
649 1921 783 1987 fratrem
816 1923 898 2007 eius,
932 1922 987 2006 qui
1015 1926 1140 2005 patrem
1169 1921 1371 2007 maioresque

195 2013 327 2075 nostros
349 2010 384 2073 in
407 2010 543 2074 summis
567 2011 710 2094 imperiis
734 2010 864 2075 ridere?
889 2010 937 2075 vis
961 2014 998 2074 tu
1021 2011 1149 2095 quidem
1167 2010 1267 2074 istum
1285 2011 1372 2075 intra

196 2098 303 2161 locum
327 2098 456 2163 sistere:
480 2098 534 2163 sed
559 2098 607 2162 illi
630 2099 842 2182 magistratus
864 2102 897 2163 et
918 2098 1088 2182 primores,
1111 2099 1166 2182 qui
1184 2101 1217 2161 te
1235 2100 1372 2163 invitum

142 2205 176 2254 20
196 2189 408 2272 perrumpunt
441 2186 654 2271 omnibusque
687 2188 725 2251 de
758 2188 855 2252 rebus
883 2187 1071 2269 consulunt,
1103 2188 1277 2252 excessisse
1304 2188 1371 2251 iam

234 2421 274 2468 16.
307 2416 423 2469 multum
445 2431 579 2483 sepeque
600 2415 671 2468 statt
688 2415 757 2468 sutis
805 2414 985 2482 portandum.
999 2443 1035 2452 -
1052 2417 1171 2467 matrem.
1200 2411 1253 2466 Die
1267 2414 1377 2482 Mutter¹

194 2502 334 2556 superque.
810 2486 849 2535 ist
863 2484 994 2551 Antonia,
1013 2483 1058 2536 die
1078 2482 1266 2536 Crossmntter
1283 2482 1371 2536 Livia.

231 2555 280 2611 lo.
300 2561 324 2612 2.
339 2558 448 2626 intepro
461 2556 500 2609 ist
513 2555 575 2610 eine
587 2556 756 2622 Erwtgung,
846 2558 870 2606 9.
880 2555 1034 2621 simplicius
1043 2571 1064 2605 s.
1076 2558 1100 2619 1,
1111 2558 1154 2621 69,
1164 2560 1189 2607 9.
1200 2585 1234 2592 -
1244 2559 1371 2609 acturum

196 2628 312 2697 solunge
341 2625 382 2680 sie
405 2626 485 2679 nicht
507 2642 570 2678 zum
594 2623 756 2680 Entschlul's
810 2622 935 2677 nilmlich
952 2640 980 2677 se
998 2622 1088 2692 (nicht
1105 2625 1185 2691 eum),
1205 2623 1244 2677 im
1264 2624 1372 2693 Gegen-

195 2698 377 2766 gcsr'thrthat.
394 2696 757 2765 Vgl.Oie.adAtt,1o‚2,4
812 2696 871 2748 sata
893 2710 983 2764 gagen
1006 2710 1034 2748 se
1055 2710 1113 2747 uou
1134 2695 1203 2749 illuc
1222 2696 1370 2749 ucuuere.

196 2771 265 2837 quiri
288 2770 370 2822 etium
393 2769 499 2821 ideirco
521 2768 661 2821 trahebam
684 2767 756 2834 (scil.
848 2770 890 2819 10.
905 2766 1091 2835 loupeaerius.
1111 2764 1168 2818 Der
1176 2765 1372 2833 ersteregel-

196 2840 340 2893 eonsilium
363 2841 474 2904 meum),
500 2843 533 2890 ut
555 2854 636 2905 quam
658 2838 757 2891 diutis-
812 2835 960 2903 mtssige
982 2835 1114 2904 Kompar.
1143 2835 1196 2888 mit
1225 2837 1303 2906 loupe
1324 2835 1372 2889 bei

196 2911 263 2963 siuie
280 2910 416 2977 iutepruru
435 2912 508 2961 esset.
813 2906 880 2959 Sall.
899 2905 965 2959 hist.
985 2913 1011 2974 3,
1030 2911 1072 2972 61,
1092 2911 1108 2957 9
1127 2905 1161 2960 D.
1176 2907 1194 2960 l.
1208 2909 1321 2960 saeuior.
1336 2936 1372 2945 -

233 2984 259 3032 4.
296 2983 369 3031 stare
398 2976 509 3031 ‘stehen
535 2975 664 3044 blathon,
697 2977 758 3031 sich
812 2993 934 3031 arsurus.
953 2975 1017 3044 Vgl.
1028 2977 1097 3029 r'iber
1106 2976 1244 3030 ardescere
1253 2996 1286 3030 zu
1296 2983 1321 3041 3,
1329 2982 1371 3032 17.

198 3047 369 3116 begnfigen'.
404 3053 429 3112 3,
450 3051 483 3099 75
498 3052 661 3114 praeturum
680 3048 759 3102 iutro
850 3052 891 3100 12.
918 3053 1039 3116 uepotes,
1059 3045 1104 3099 die
1124 3046 1218 3101 Sdhne
1235 3048 1284 3101 des
1304 3047 1371 3100 Ger·

197 3119 282 3182 stetit3
308 3122 350 3184 12,
370 3121 403 3169 22
428 3117 475 3170 ira
493 3116 668 3184 Aprippiuue
687 3120 758 3171 citra
812 3115 939 3170 monicus
957 3118 1015 3169 und
1035 3119 1149 3170 Drusus.

197 3190 297 3243 ultima
314 3188 393 3242 stetit.
850 3193 891 3241 13.
921 3188 1067 3241 conuellere
1092 3187 1289 3254 ‘erschfitterm
1313 3204 1371 3240 zer-

234 3263 259 3313 ὁ.
287 3259 408 3326 deripere
431 3256 522 3326 (nicht
540 3257 667 3326 diripere)
687 3257 760 3312 auch
815 3257 933 3312 reissen'
953 3258 1024 3311 wird
1042 3275 1097 3312 von
1116 3257 1229 3311 Tacitus
1248 3256 1371 3310 viellach

198 3331 264 3386 hist.
283 3336 309 3397 4,
323 3334 371 3399 25,
392 3334 416 3396 5,
431 3335 479 3397 233
497 3329 585 3383 findet
598 3327 658 3382 sich
673 3329 761 3383 sehon
816 3327 943 3398 tropisch
975 3328 1139 3396 gebraucht.
1185 3327 1249 3397 Vgl.
1279 3332 1326 3396 12,
1355 3334 1371 3380 1

198 3399 247 3456 bei
257 3401 365 3455 Lukrez
372 3400 430 3455 und
438 3399 494 3454 Cic.
503 3416 554 3469 pro
560 3398 656 3453 Caelio
667 3404 708 3465 18,
717 3405 760 3453 42.
815 3401 895 3454 coede
909 3401 1078 3453 Messalinae
1092 3400 1222 3454 couculsu
1234 3401 1373 3467 principes

235 3479 260 3529 6,
288 3479 443 3541 promptum
466 3473 600 3541 rescriptu
623 3471 676 3525 wie
694 3471 760 3525 hist.
815 3473 918 3538 domus,
938 3474 972 3523 66
991 3486 1120 3524 uocercue
1137 3470 1250 3523 insidiis
1263 3471 1372 3542 doraum

200 3549 227 3612 2,
247 3548 280 3596 ‘16
295 3549 454 3612 promptum
471 3544 574 3609 effectu.
815 3558 919 3595 oraueru
937 3541 1059 3608 conuelli,
1077 3540 1134 3593 und
1154 3539 1210 3608 dgl.
1230 3556 1267 3593 m.
1295 3529 1373 3593 ilhn-

235 3618 259 3668 8.
293 3615 465 3669 tolsruudum
488 3613 597 3667 hubent
620 3613 691 3666 statt
707 3613 762 3666 sibi
815 3610 903 3666 liches
926 3613 1013 3665 schon
1034 3609 1083 3664 bei
1107 3608 1216 3677 Cicero,
1240 3628 1263 3665 z.
1288 3611 1318 3665 B.
1342 3610 1372 3662 in

198 3685 371 3739 tolerandum
385 3689 458 3738 esset.
489 3682 555 3751 Vgl.
570 3681 636 3737 dial.
652 3681 757 3736 31und
811 3681 867 3736 Pis.
874 3687 921 3750 2,4
931 3684 972 3737 rei
980 3683 1105 3749 publicae
1111 3686 1213 3735 statum
1220 3680 1372 3735 conuellere.

199 3761 233 3809 37
253 3756 398 3809 diceuduru
416 3755 521 3820 tubere,
544 3758 578 3807 36
596 3755 758 3822 respoudeu·
851 3757 892 3807 14.
924 3754 1039 3819 felleris.
1075 3751 1185 3821 chen
1211 3752 1259 3805 des
1283 3751 1372 3820 plota-

198 3828 273 3891 dum,
292 3824 358 3878 hist.
376 3830 399 3892 1,
417 3829 451 3877 16
465 3825 660 3892 excusuudum,
673 3829 700 3891 4,
716 3830 758 3890 77,
813 3823 908 3877 lichen
940 3813 1123 3892 llberganges
1159 3839 1208 3875 nur
1243 3821 1373 3875 direlrten

200 3914 264 3950 anu.
282 3901 325 3964 14,
339 3901 375 3949 44
392 3896 574 3950 statuendum.
610 3893 667 3948 Das
685 3896 759 3948 erste
814 3893 891 3947 Rode
910 3910 931 3947 s.
951 3912 985 3947 nu
1004 3898 1029 3961 2,
1050 3900 1082 3946 77
1103 3909 1141 3946 uu
1159 3893 1329 3959 festinamus.

200 3967 324 4034 Beispiel
349 3966 440 4019 dieser
462 3964 510 4018 bei
527 3963 591 4019 Tac.
612 3965 672 4020 und
696 3965 759 4018 dem
851 3969 893 4019 17.
912 3966 1034 4031 fratrem,
1049 3963 1173 4017 ntmlich
1183 3963 1371 4017 Germanicus.

196 4037 337 4105 jungeren
372 4036 480 4090 Plinius
520 4050 566 4088 am
601 4035 760 4103 htufigsten
815 4064 850 4073 —
864 4040 983 4102 patrem,
1007 4035 1056 4088 der
1075 4035 1164 4088 ‘altere
1182 4033 1301 4101 Drusus,
1323 4032 1373 4087 der

199 4106 438 4160 vorkommenden
456 4104 660 4159 Konstrukticn
685 4103 761 4158 steht
815 4111 831 4157 9
850 4122 877 4159 ν.
896 4104 960 4159 Chr.
979 4105 1064 4158 starb.

199 4175 280 4229 Varr.
296 4195 318 4228 r.
332 4184 390 4242 nl,
402 4182 469 4244 16,2
484 4179 565 4230 multi
578 4179 649 4230 euius
661 4176 761 4230 habeut
849 4179 893 4229 20.
913 4180 1096 4244 perrumpunt
1114 4174 1160 4244 (cf.
1176 4181 1201 4243 3,
1217 4181 1249 4230 15
1268 4192 1303 4230 ue
1320 4182 1373 4244 quo

200 4248 232 4299 iu
246 4245 372 4313 proediis
387 4287 393 4300 .
409 4287 416 4299 .
430 4248 646 4315 iuportauduur,·
663 4252 760 4301 eoutru
815 4247 925 4313 adfectu
939 4248 1172 4315 perrumperetur)
1191 4248 1265 4299 etwa
1280 4246 1373 4299 ‘uber-

199 4331 257 4369 uou
279 4316 379 4381 pauci,
406 4318 504 4382 quitus
525 4318 633 4385 ulr'quid
655 4319 692 4371 sit
715 4333 759 4371 eu·
814 4315 937 4385 mogen'.
966 4313 1088 4370 Ernestiz
1109 4316 1187 4382 ‘fines
1200 4317 1276 4383 istos,
1294 4317 1374 4370 iutra
