3092 4834
210 282 254 348 86
361 282 392 337 Ρ.
411 279 582 337 CORNELII
600 280 720 338 raom
737 282 786 340 AB
804 281 965 338 Excusso
984 283 1061 337 DIVI
1078 282 1237 339 AUGUSTI

210 449 303 511 cutus
335 449 367 510 et
398 467 530 511 manum
561 446 758 512 intendentis
790 446 977 532 reppulisse.
1023 450 1137 532 coepta
1168 448 1240 513 luce
1267 447 1385 513 missae

209 534 244 598 in
261 534 363 600 latera
381 535 535 621 legiones,
558 537 646 600 metu
669 557 711 599 an
729 536 939 620 contumacia,
964 537 1072 602 locum
1091 536 1266 619 deseruere,
1289 541 1383 622 capto

170 651 196 691 ro
211 645 345 708 propere
373 644 485 707 campo
513 625 657 690 umentia
683 624 777 689 ultra.
823 646 927 712 neque
954 629 1062 691 tamen
1085 622 1251 693 Arminius
1275 647 1384 708 quam·

210 734 306 796 quam
338 711 439 778 libero
472 712 602 778 incursu
635 713 745 779 statim
772 714 934 799 prorupit:
967 714 1022 779 sed
1052 718 1091 779 ut
1122 713 1253 780 haesere
1285 736 1383 779 caeno

208 800 367 885 fossisque
395 802 637 886 impedimenta,
665 801 788 867 turbati
811 804 932 869 circum
954 803 1088 887 milites,
1111 803 1253 869 incertus
1277 804 1384 889 signo

208 913 280 954 rum
313 890 405 974 ordo,
436 895 536 975 utque
568 891 628 976 tali
653 892 688 956 in
718 894 876 977 tempore,
908 892 970 958 sibi
1002 894 1138 977 quisque
1164 914 1321 977 properus
1351 896 1383 957 et

209 980 315 1044 lentae
347 980 515 1045 adversum
546 980 681 1065 imperia
712 1003 819 1066 aures,
856 982 1041 1066 inrumpere
1078 978 1252 1048 Germanos
1285 982 1383 1062 iubet,

167 1095 194 1138 rs
209 1066 375 1134 clamitans
404 1070 456 1134 ‘en
478 1068 584 1135 Varus
607 1070 783 1154 eodemque
814 1070 931 1136 iterum
958 1071 1027 1136 fato
1055 1071 1182 1136 vinctae
1213 1070 1381 1156 legionesl'

208 1157 305 1222 simul
335 1156 429 1242 haec,
457 1161 489 1222 et
516 1180 589 1224 cum
617 1156 748 1224 delectis
777 1158 894 1224 scindit
921 1180 1037 1245 agmen
1064 1160 1219 1244 equisque
1245 1160 1382 1225 maxime

208 1247 342 1312 vulnera
360 1247 487 1334 ingerit.
524 1247 574 1312 illi
597 1247 753 1334 sanguine
772 1269 830 1314 suo
854 1253 887 1314 et
904 1248 1029 1314 lubrico
1048 1248 1203 1333 paludum
1220 1248 1382 1334 lapsantes

208 1336 350 1402 excussis
377 1337 556 1401 rectoribus
584 1336 718 1403 disicere
746 1338 872 1421 obvios,
898 1342 1062 1423 proterere
1091 1338 1239 1403 iacentes.
1284 1338 1382 1422 pluri·

207 1446 279 1490 mus
303 1426 388 1493 circa
411 1424 535 1511 aquilas
558 1424 659 1509 labor,
682 1449 764 1511 quae
787 1447 891 1511 neque
916 1427 993 1491 ferri
1011 1426 1180 1492 adversum
1198 1426 1383 1513 ingruentia

167 1540 194 1579 so
207 1513 273 1578 telc
295 1536 399 1598 neque
421 1514 480 1599 figi
502 1513 618 1580 limosa
640 1514 739 1580 humo
758 1519 918 1601 poterant.
965 1514 1102 1581 Caecina
1124 1516 1199 1581 dum
1223 1519 1383 1580 sustentat

207 1604 317 1686 aciem,
340 1604 477 1669 suffosso
501 1626 583 1688 equo
608 1604 757 1689 delapsus
782 1604 1099 1688 circumveniebatur,
1122 1606 1155 1668 ni
1173 1605 1277 1688 prima
1295 1604 1382 1690 legio

207 1714 277 1757 sese
305 1692 517 1777 opposuisset.
564 1694 646 1758 iuvit
673 1693 817 1759 hostium
845 1694 995 1779 additas,
1025 1696 1144 1759 omissa
1171 1694 1266 1758 caede
1293 1717 1383 1778 prae·

206 1781 279 1845 dam
299 1783 500 1867 sectantium,
524 1782 694 1866 enisaeque
711 1782 857 1869 legiones
881 1788 1123 1868 vesperascente
1147 1782 1251 1847 disin
1272 1788 1382 1867 aperta

206 1873 239 1934 et
257 1870 368 1935 solida.
404 1893 508 1955 neque
527 1871 555 1936 is
574 1872 776 1937 miseriarum
794 1872 877 1938 finis.
914 1873 1101 1938 struendum
1120 1871 1250 1954 vallum,
1273 1875 1382 1956 peten-

166 1983 193 2024 ιι
207 1960 266 2023 dus
293 1981 406 2046 agger,
434 1960 551 2025 amissa
577 1983 695 2046 magna
722 1983 761 2026 ex
789 1964 880 2045 parte
907 1984 966 2046 per
989 1983 1071 2046 quae
1101 1962 1243 2047 egeritur
1263 1960 1382 2025 humus

206 2051 263 2111 aut
289 2048 448 2113 exciditur
475 2071 613 2134 caespes.
663 2071 730 2116 non
761 2053 902 2117 tentoria
933 2051 1119 2135 manipulis,
1147 2073 1213 2116 non
1239 2048 1382 2115 fomenta

206 2136 337 2222 sauciis3
368 2137 506 2202 infectos
538 2160 636 2203 caeno
668 2143 725 2203 aut
757 2161 871 2205 cruore
903 2139 992 2205 cibos
1024 2139 1204 2206 dividentes
1236 2139 1381 2205 funestas

204 2226 352 2291 tenebras
385 2230 417 2292 st
446 2230 497 2291 tot
528 2226 695 2293 hominum
722 2229 854 2294 milibus
885 2252 986 2294 unum
1013 2230 1077 2294 iam
1105 2230 1265 2313 reliquum
1297 2228 1382 2293 diem

204 2314 474 2381 lamentabantur.

161 2402 204 2469 66
293 2403 390 2471 Forte
417 2426 520 2491 equus
547 2406 695 2491 abruptis
722 2406 861 2472 vinculis
890 2428 992 2494 vagus
1020 2409 1052 2471 et
1080 2406 1217 2471 clamore
1249 2408 1382 2470 territus

205 2494 361 2578 quosdam
401 2497 636 2560 occurrentium
677 2495 871 2561 obturbavit.
926 2500 1019 2560 tanta
1054 2495 1128 2560 inde
1165 2495 1381 2559 consternatio

204 2585 366 2667 inrupisse
395 2581 570 2649 Germanos
598 2585 808 2669 credentium,
835 2588 872 2649 ut
900 2586 1008 2649 cuncti
1035 2585 1166 2648 ruerent
1192 2583 1233 2646 ad
1262 2587 1382 2665 portas,

205 2694 339 2756 quarum
364 2673 539 2738 decumana
561 2674 698 2739 maxime
721 2673 904 2758 petebatur,
931 2695 1043 2737 aversa
1063 2671 1153 2737 hosti
1175 2675 1207 2736 et
1229 2670 1381 2757 fugienti-

204 2828 269 2885 Abl.
287 2829 360 2884 nach
375 2829 482 2884 Sallust
499 2830 565 2884 hist.
584 2830 617 2883 fr.
636 2836 662 2896 4,
678 2837 693 2885 8
708 2831 764 2897 Kr,
820 2830 895 2885 auch
916 2836 943 2897 4,
963 2835 996 2883 19
1018 2830 1182 2885 criminibus
1215 2827 1282 2883 hist.
1303 2830 1328 2897 l]
1347 2835 1380 2883 47

204 2900 251 2953 ser
270 2899 326 2956 oro.
344 2901 404 2955 unc
422 2900 516 2954 civius
534 2901 587 2955 mn
604 2918 646 2957 ss.
820 2903 921 2957 animo.
958 2901 1070 2956 sponso
1092 2900 1133 2954 sm
1157 2871 1197 2955 fol
1218 2900 1309 2956 aneon
1332 2901 1383 2971 sps·

241 2977 265 3025 8.
294 2978 320 3026 ct
334 2971 486 3026 ‘sondern’.
515 2971 766 3042 beataemariae
820 2973 1021 3040 limasabamo,
1035 2972 1201 3043 wofu'trrege
1244 2972 1293 3027 oht
1307 2977 1332 3038 3,
1347 2977 1381 3025 63

205 3041 278 3096 nach
311 3042 388 3096 einer
414 3041 570 3112 Negabon,
602 3060 684 3098 wenn
716 3045 765 3098 der
820 3045 889 3114 ipris
906 3046 938 3098 ic
955 3045 1062 3114 tenrpls's
1078 3044 1160 3115 fipcrc
1178 3060 1253 3099 aera.

206 3113 304 3167 zweite
318 3112 439 3182 positive
450 3114 514 3167 Sata
528 3114 608 3169 nicht
617 3114 766 3181 materiell‚
858 3122 899 3169 13.
924 3122 956 3169 σί
967 3141 1002 3162 ==
1016 3121 1049 3169 ut
1065 3116 1127 3182 fieri
1144 3116 1218 3170 colet.

205 3183 325 3238 sondern
344 3202 397 3238 nur
414 3184 524 3238 formell
549 3187 599 3240 das
618 3183 767 3257 Gegenteil
857 3193 899 3242 14.
927 3188 1016 3241 lentos
1034 3186 1154 3240 ‘teube’.

206 3255 255 3309 des
278 3255 526 3326 vorhergehenden
551 3256 596 3311 ist.
634 3256 690 3311 Der
714 3258 766 3311 La·
859 3264 901 3312 15.
929 3275 964 3312 cn
983 3258 1080 3312 Varus.
1108 3255 1166 3310 Das
1185 3259 1258 3312 erste
1275 3255 1382 3310 sichere

207 3327 298 3381 teiner
325 3325 387 3380 lert
418 3326 479 3381 sich
507 3327 594 3381 durch
622 3329 677 3382 den
705 3328 767 3383 Ge·
822 3327 983 3397 prosaische
1000 3326 1123 3397 Beispiel
1141 3326 1187 3381 fdr
1200 3345 1234 3382 en
1247 3327 1300 3382 mit
1318 3327 1383 3380 dem

206 3397 342 3452 dankcn
364 3398 466 3466 lciten,
488 3398 622 3454 wbhrend
640 3398 692 3453 wir
714 3418 766 3454 uns
821 3399 912 3466 Nom,
930 3398 985 3470 vgl.
1001 3404 1084 3465 137.
1111 3398 1163 3453 Bei
1177 3398 1233 3453 den
1246 3397 1382 3453 Dichtern

205 3468 293 3523 durch
313 3469 359 3524 die
373 3469 469 3524 Form
482 3469 651 3525 bestimmen
664 3470 766 3526 lassen.
821 3468 1381 3540 istderKasnsseitVergilgebrtuchlioh.

205 3572 239 3580 —
267 3558 393 3608 masma,
427 3542 478 3595 das
511 3540 617 3611 Objekl
644 3560 678 3595 zu
705 3560 765 3612 rep·
858 3539 1381 3611 ldsimulmitfolgendemetr-dps-

204 3612 323 3680 petisse,
346 3612 384 3667 ist
406 3630 440 3666 au
468 3613 634 3669 intendentis
655 3613 685 3667 in
712 3613 766 3669 Ge-
820 3611 878 3678 καί,
892 3613 945 3668 wie
959 3618 984 3682 4,
1000 3619 1034 3667 25
1047 3614 1181 3682 cimam
1194 3618 1303 3681 coeptus
1316 3612 1382 3676 dics,

206 3683 319 3736 dankcn
342 3702 377 3738 zu
396 3683 593 3739 wiederholen.
629 3686 768 3740 {madere
822 3692 847 3741 σί
869 3687 999 3752 aderam,
1019 3683 1086 3738 Sall.
1103 3684 1168 3753 Jug.
1187 3687 1270 3750 sm
1296 3684 1383 3754 igitur

207 3753 333 3809 drohend
352 3754 541 3817 ausstreclren.
561 3755 614 3809 wie
632 3757 768 3811 σ’σίσσίανσ
821 3756 905 3811 amul
932 3788 965 3797 -
993 3758 1131 3827 copaooit,
1158 3761 1184 3811 ct
1209 3755 1267 3823 ipsi
1296 3755 1383 3809 bosus

206 3831 235 3891 1,
254 3831 287 3879 27
294 3870 301 3895 ,
320 3825 386 3881 hist.
407 3832 435 3892 1,
456 3832 490 3880 69
519 3844 546 3880 u.
566 3843 590 3880 a.
615 3858 648 3867 -
673 3834 768 3896 coepto
822 3828 947 3882 mant.
974 3826 1107 3881 Mitboec
1120 3825 1193 3880 auch
1208 3824 1279 3879 Stat.
1294 3824 1381 3879 Theb.

205 3898 277 3950 statt
308 3903 369 3952 orto
399 3898 477 3969 (oder
505 3900 624 3968 priora),
656 3897 709 3952 wie
736 3897 767 3951 in
822 3904 848 3964 ί,
867 3903 927 3953 659,

206 3967 261 4020 den
279 3967 409 4023 Annalen
428 3968 678 4023 auohrerbunden
695 3968 767 4022 wird
858 3974 900 4023 11.
928 3970 1197 4033 circumveniebatur,
1221 3969 1253 4022 m·
1269 3973 1317 4023 cet.
1355 3966 1381 4022 S.

205 4044 281 4092 nocte
303 4046 412 4110 σοφία,
440 4047 550 4110 coeptas
576 4040 646 4105 dics,
674 4048 767 4110 σοφία
821 4038 894 4093 llinl.
915 4045 1045 4107 910111.
1255 4041 1258 4045 ’

204 4109 296 4164 biensa
857 4108 1382 4178 2⁷.fwncstasten.‘Grabesfinsternis'.

241 4184 265 4233 9.
294 4165 621 4237 liberans.zuc.18.
856 4182 907 4237 66.
940 4188 964 4236 2.
991 4182 1135 4237 obturbare
1159 4182 1345 4236 ‘umrennen’.

242 4256 283 4305 10.
307 4252 383 4307 ultro
400 4254 431 4306 in
445 4253 631 4322 Anastrophe‚
651 4271 671 4307 s.
691 4251 765 4307 Elinl.
856 4259 881 4307 4.
910 4254 1070 4308 ἀσσίίσίσηα.
1114 4252 1160 4308 Sie
1187 4252 1238 4322 lag
1263 4250 1325 4307 hier
1352 4250 1382 4305 in

207 4327 299 4390 5116,
314 4339 339 4377 a.
451 4354 455 4360 ·
821 4324 871 4378 der
889 4323 1033 4395 Richtung
1055 4324 1105 4378 des
1123 4322 1382 4378 Weitermarsches.

241 4400 284 4447 11.
320 4395 429 4449 booron
460 4394 598 4464 (stechen
628 4394 777 4466 blaiben')·
821 4428 856 4437 -
870 4412 982 4452 aversus
993 4396 1046 4449 mit
1063 4396 1127 4448 dem
1140 4394 1234 4462 Datis,
1254 4396 1325 4449 statt
1338 4395 1382 4460 ab,

205 4464 259 4518 mit
285 4463 348 4520 nbl.
372 4465 443 4519 statt
469 4466 501 4519 ia
524 4464 564 4519 ist
587 4464 766 4536 dichterisch,
821 4466 894 4521 nach
914 4466 980 4522 Sall.
997 4465 1060 4535 Jng.
1081 4471 1123 4535 9³,
1143 4472 1168 4520 2.
