<?xml version="1.0" encoding="UTF-8"?>
<!DOCTYPE html PUBLIC "-//W3C//DTD XHTML 1.0 Transitional//EN"
    "http://www.w3.org/TR/xhtml1/DTD/xhtml1-transitional.dtd">
<html xmlns="http://www.w3.org/1999/xhtml" xml:lang="en" lang="en">
 <head>
  <title>
</title>
<meta http-equiv="Content-Type" content="text/html;charset=utf-8" />
  <meta name='ocr-system' content='tesseract 3.04.00' />
  <meta name='ocr-capabilities' content='ocr_page ocr_carea ocr_par ocr_line ocrx_word'/>
</head>
<body>
  <div class='ocr_page' id='page_1' title='image "./dieannalendesta00bechgoog_0181.png"; bbox 0 0 3092 4834; ppageno 0'>
   <div class='ocr_carea' id='block_1_1' title="bbox 538 255 1325 326">
    <p class='ocr_par' dir='ltr' id='par_1_1' title="bbox 538 255 1325 326">
     <span class='ocr_line' id='line_1_1' title="bbox 538 255 1325 326; baseline 0.023 -17"><span class='ocrx_word' id='word_1_1' title='bbox 538 255 647 311; x_wconf 81' lang='lat' dir='ltr'>LIBER</span> <span class='ocrx_word' id='word_1_2' title='bbox 664 256 710 313; x_wconf 88' lang='grc' dir='ltr'><strong>ΙΙΙ.</strong></span> <span class='ocrx_word' id='word_1_3' title='bbox 749 257 825 313; x_wconf 81' lang='lat' dir='ltr'><strong>CAP.</strong></span> <span class='ocrx_word' id='word_1_4' title='bbox 845 264 958 315; x_wconf 76' lang='lat'><strong>20-22.</strong></span> <span class='ocrx_word' id='word_1_5' title='bbox 1265 263 1325 326; x_wconf 82' lang='grc'><strong>171</strong></span> 
     </span>
    </p>
   </div>
   <div class='ocr_carea' id='block_1_2' title="bbox 98 405 1376 2452">
    <p class='ocr_par' dir='ltr' id='par_1_2' title="bbox 157 405 1376 1040">
     <span class='ocr_line' id='line_1_2' title="bbox 163 405 1332 504; baseline 0.007 -21"><span class='ocrx_word' id='word_1_6' title='bbox 163 418 306 488; x_wconf 87' lang='lat' dir='ltr'><strong>consulis</strong></span> <span class='ocrx_word' id='word_1_7' title='bbox 333 419 513 501; x_wconf 76' lang='lat' dir='ltr'><strong>tribuisset,</strong></span> <span class='ocrx_word' id='word_1_8' title='bbox 545 425 676 503; x_wconf 90' lang='lat' dir='ltr'><strong>questus</strong></span> <span class='ocrx_word' id='word_1_9' title='bbox 707 420 811 504; x_wconf 80' lang='lat' dir='ltr'><strong>magis</strong></span> <span class='ocrx_word' id='word_1_10' title='bbox 843 442 939 504; x_wconf 89' lang='lat' dir='ltr'><strong>quam</strong></span> <span class='ocrx_word' id='word_1_11' title='bbox 966 423 1115 488; x_wconf 86' lang='lat' dir='ltr'><strong>offensus.</strong></span> <span class='ocrx_word' id='word_1_12' title='bbox 1166 426 1220 491; x_wconf 89' lang='lat' dir='ltr'><strong>sed</strong></span> <span class='ocrx_word' id='word_1_13' title='bbox 1249 405 1332 491; x_wconf 56' lang='lat' dir='ltr'><strong>Tac-⁶</strong></span> 
     </span>
     <span class='ocr_line' id='line_1_3' title="bbox 163 506 1326 600; baseline 0.008 -29"><span class='ocrx_word' id='word_1_14' title='bbox 163 507 285 572; x_wconf 87' lang='lat' dir='ltr'><strong>farinas</strong></span> <span class='ocrx_word' id='word_1_15' title='bbox 322 508 478 591; x_wconf 89' lang='lat' dir='ltr'><strong>perculsis</strong></span> <span class='ocrx_word' id='word_1_16' title='bbox 510 506 659 573; x_wconf 90' lang='lat' dir='ltr'><strong>Numidis</strong></span> <span class='ocrx_word' id='word_1_17' title='bbox 697 513 729 573; x_wconf 92' lang='lat' dir='ltr'><strong>et</strong></span> <span class='ocrx_word' id='word_1_18' title='bbox 766 509 892 573; x_wconf 89' lang='lat' dir='ltr'><strong>obsidia</strong></span> <span class='ocrx_word' id='word_1_19' title='bbox 924 513 1170 595; x_wconf 77' lang='lat' dir='ltr'><strong>aspernantibus</strong></span> <span class='ocrx_word' id='word_1_20' title='bbox 1203 517 1326 600; x_wconf 81' lang='lat' dir='ltr'><strong>spargit</strong></span> 
     </span>
     <span class='ocr_line' id='line_1_4' title="bbox 160 596 1326 685; baseline 0.008 -26"><span class='ocrx_word' id='word_1_21' title='bbox 160 596 295 680; x_wconf 89' lang='lat' dir='ltr'><strong>bellum,</strong></span> <span class='ocrx_word' id='word_1_22' title='bbox 324 596 382 660; x_wconf 92' lang='lat' dir='ltr'><strong>ubi</strong></span> <span class='ocrx_word' id='word_1_23' title='bbox 409 596 598 675; x_wconf 85' lang='lat' dir='ltr'><strong>instaretur,</strong></span> <span class='ocrx_word' id='word_1_24' title='bbox 626 597 739 661; x_wconf 89' lang='lat' dir='ltr'><strong>cedens</strong></span> <span class='ocrx_word' id='word_1_25' title='bbox 768 619 805 662; x_wconf 89' lang='lat' dir='ltr'><strong>ac</strong></span> <span class='ocrx_word' id='word_1_26' title='bbox 832 620 960 663; x_wconf 89' lang='lat' dir='ltr'><strong>rursum</strong></span> <span class='ocrx_word' id='word_1_27' title='bbox 988 601 1023 663; x_wconf 91' lang='lat' dir='ltr'><strong>in</strong></span> <span class='ocrx_word' id='word_1_28' title='bbox 1050 602 1143 685; x_wconf 83' lang='lat' dir='ltr'><strong>terga</strong></span> <span class='ocrx_word' id='word_1_29' title='bbox 1170 623 1326 669; x_wconf 87' lang='lat' dir='ltr'><strong>remeans.</strong></span> 
     </span>
     <span class='ocr_line' id='line_1_5' title="bbox 160 685 1325 773; baseline 0.006 -24"><span class='ocrx_word' id='word_1_30' title='bbox 160 690 192 749; x_wconf 95' lang='lat' dir='ltr'><strong>et</strong></span> <span class='ocrx_word' id='word_1_31' title='bbox 220 685 295 748; x_wconf 93' lang='lat' dir='ltr'><strong>dum</strong></span> <span class='ocrx_word' id='word_1_32' title='bbox 327 707 365 749; x_wconf 91' lang='lat' dir='ltr'><strong>ea</strong></span> <span class='ocrx_word' id='word_1_33' title='bbox 391 685 475 749; x_wconf 90' lang='lat' dir='ltr'><strong>ratio</strong></span> <span class='ocrx_word' id='word_1_34' title='bbox 503 686 641 750; x_wconf 88' lang='lat' dir='ltr'><strong>barbaro</strong></span> <span class='ocrx_word' id='word_1_35' title='bbox 669 685 743 769; x_wconf 91' lang='lat' dir='ltr'><strong>fuit,</strong></span> <span class='ocrx_word' id='word_1_36' title='bbox 770 686 906 751; x_wconf 94' lang='lat' dir='ltr'><strong>inritum</strong></span> <span class='ocrx_word' id='word_1_37' title='bbox 933 688 1117 773; x_wconf 88' lang='lat' dir='ltr'><strong>fessumque</strong></span> <span class='ocrx_word' id='word_1_38' title='bbox 1144 688 1325 756; x_wconf 86' lang='lat' dir='ltr'><strong>Romanum</strong></span> 
     </span>
     <span class='ocr_line' id='line_1_6' title="bbox 160 773 1376 864; baseline 0.007 -27"><span class='ocrx_word' id='word_1_39' title='bbox 160 775 291 857; x_wconf 88' lang='lat' dir='ltr'><strong>impune</strong></span> <span class='ocrx_word' id='word_1_40' title='bbox 319 773 559 856; x_wconf 86' lang='lat' dir='ltr'><strong>ludificabatur;</strong></span> <span class='ocrx_word' id='word_1_41' title='bbox 590 779 762 859; x_wconf 86' lang='lat' dir='ltr'><strong>postquam</strong></span> <span class='ocrx_word' id='word_1_42' title='bbox 791 774 919 839; x_wconf 86' lang='lat' dir='ltr'><strong>deflexit</strong></span> <span class='ocrx_word' id='word_1_43' title='bbox 951 777 990 840; x_wconf 90' lang='lat' dir='ltr'><strong>ad</strong></span> <span class='ocrx_word' id='word_1_44' title='bbox 1019 777 1199 843; x_wconf 88' lang='lat' dir='ltr'><strong>maritimos</strong></span> <span class='ocrx_word' id='word_1_45' title='bbox 1227 780 1376 864; x_wconf 79' lang='lat' dir='ltr'><strong>locos,15</strong></span> 
     </span>
     <span class='ocr_line' id='line_1_7' title="bbox 158 861 1324 951; baseline 0.006 -26"><span class='ocrx_word' id='word_1_46' title='bbox 158 863 314 947; x_wconf 86' lang='lat' dir='ltr'><strong>inligatus</strong></span> <span class='ocrx_word' id='word_1_47' title='bbox 351 863 471 945; x_wconf 89' lang='lat' dir='ltr'><strong>praeda</strong></span> <span class='ocrx_word' id='word_1_48' title='bbox 512 861 637 926; x_wconf 83' lang='lat' dir='ltr'><strong>stativis</strong></span> <span class='ocrx_word' id='word_1_49' title='bbox 679 863 795 928; x_wconf 88' lang='lat' dir='ltr'><strong>castris</strong></span> <span class='ocrx_word' id='word_1_50' title='bbox 837 864 1047 949; x_wconf 86' lang='lat' dir='ltr'><strong>adhaerebat,</strong></span> <span class='ocrx_word' id='word_1_51' title='bbox 1082 867 1184 931; x_wconf 91' lang='lat' dir='ltr'><strong>missu</strong></span> <span class='ocrx_word' id='word_1_52' title='bbox 1222 868 1324 951; x_wconf 89' lang='lat' dir='ltr'><strong>patris</strong></span> 
     </span>
     <span class='ocr_line' id='line_1_8' title="bbox 157 949 1324 1040; baseline 0.006 -27"><span class='ocrx_word' id='word_1_53' title='bbox 157 950 321 1033; x_wconf 83' lang='lat' dir='ltr'><strong>Apronius</strong></span> <span class='ocrx_word' id='word_1_54' title='bbox 346 949 522 1015; x_wconf 79' lang='lat' dir='ltr'><strong>Caesianus</strong></span> <span class='ocrx_word' id='word_1_55' title='bbox 547 972 619 1015; x_wconf 90' lang='lat' dir='ltr'><strong>cum</strong></span> <span class='ocrx_word' id='word_1_56' title='bbox 642 953 748 1034; x_wconf 90' lang='lat' dir='ltr'><strong>equite</strong></span> <span class='ocrx_word' id='word_1_57' title='bbox 772 956 805 1015; x_wconf 91' lang='lat' dir='ltr'><strong>et</strong></span> <span class='ocrx_word' id='word_1_58' title='bbox 827 953 1016 1018; x_wconf 78' lang='lat' dir='ltr'><strong>cohortibus</strong></span> <span class='ocrx_word' id='word_1_59' title='bbox 1040 955 1229 1035; x_wconf 86' lang='lat' dir='ltr'><strong>auxiliariis,</strong></span> <span class='ocrx_word' id='word_1_60' title='bbox 1253 957 1324 1040; x_wconf 92' lang='lat' dir='ltr'><strong>quis</strong></span> 
     </span>
    </p>

    <p class='ocr_par' dir='ltr' id='par_1_3' title="bbox 98 1039 1324 1212">
     <span class='ocr_line' id='line_1_9' title="bbox 98 1039 1324 1125; baseline 0.006 -23"><span class='ocrx_word' id='word_1_61' title='bbox 98 1069 102 1081; x_wconf 84' lang='lat'><em>·</em></span> <span class='ocrx_word' id='word_1_62' title='bbox 156 1040 378 1103; x_wconf 85' lang='lat' dir='ltr'><strong>velocissimos</strong></span> <span class='ocrx_word' id='word_1_63' title='bbox 405 1040 570 1124; x_wconf 83' lang='lat' dir='ltr'><strong>legionum</strong></span> <span class='ocrx_word' id='word_1_64' title='bbox 598 1039 778 1122; x_wconf 85' lang='lat' dir='ltr'><strong>addiderat,</strong></span> <span class='ocrx_word' id='word_1_65' title='bbox 801 1063 989 1125; x_wconf 89' lang='lat' dir='ltr'><strong>prosperam</strong></span> <span class='ocrx_word' id='word_1_66' title='bbox 1018 1043 1187 1108; x_wconf 86' lang='lat' dir='ltr'><strong>adversum</strong></span> <span class='ocrx_word' id='word_1_67' title='bbox 1212 1043 1324 1109; x_wconf 92' lang='lat' dir='ltr'><strong>Numi·</strong></span> 
     </span>
     <span class='ocr_line' id='line_1_10' title="bbox 159 1127 882 1212; baseline 0.001 -21"><span class='ocrx_word' id='word_1_68' title='bbox 159 1127 215 1192; x_wconf 88' lang='lat' dir='ltr'><strong>das</strong></span> <span class='ocrx_word' id='word_1_69' title='bbox 239 1148 383 1212; x_wconf 81' lang='lat' dir='ltr'><strong>pugnam</strong></span> <span class='ocrx_word' id='word_1_70' title='bbox 406 1128 486 1192; x_wconf 88' lang='lat' dir='ltr'><strong>facit</strong></span> <span class='ocrx_word' id='word_1_71' title='bbox 507 1127 665 1212; x_wconf 84' lang='lat' dir='ltr'><strong>pellitque</strong></span> <span class='ocrx_word' id='word_1_72' title='bbox 688 1129 722 1192; x_wconf 92' lang='lat' dir='ltr'><strong>in</strong></span> <span class='ocrx_word' id='word_1_73' title='bbox 746 1129 882 1194; x_wconf 89' lang='lat' dir='ltr'><strong>deserta.</strong></span> 
     </span>
    </p>

    <p class='ocr_par' dir='ltr' id='par_1_4' title="bbox 122 1214 1376 2452">
     <span class='ocr_line' id='line_1_11' title="bbox 245 1214 1376 1300; baseline 0.004 -20"><span class='ocrx_word' id='word_1_74' title='bbox 245 1216 291 1280; x_wconf 89' lang='lat' dir='ltr'><strong>At</strong></span> <span class='ocrx_word' id='word_1_75' title='bbox 314 1217 437 1281; x_wconf 83' lang='lat' dir='ltr'><strong>Romae</strong></span> <span class='ocrx_word' id='word_1_76' title='bbox 459 1214 596 1300; x_wconf 87' lang='lat' dir='ltr'><strong>Lepida,</strong></span> <span class='ocrx_word' id='word_1_77' title='bbox 619 1218 671 1281; x_wconf 89' lang='lat' dir='ltr'><strong>cui</strong></span> <span class='ocrx_word' id='word_1_78' title='bbox 699 1238 795 1300; x_wconf 89' lang='lat' dir='ltr'><strong>super</strong></span> <span class='ocrx_word' id='word_1_79' title='bbox 818 1219 1032 1284; x_wconf 85' lang='lat' dir='ltr'><strong>Aemiliorum</strong></span> <span class='ocrx_word' id='word_1_80' title='bbox 1057 1220 1153 1285; x_wconf 89' lang='lat' dir='ltr'><strong>decus</strong></span> <span class='ocrx_word' id='word_1_81' title='bbox 1176 1220 1210 1285; x_wconf 90' lang='lat' dir='ltr'><strong>L.</strong></span> <span class='ocrx_word' id='word_1_82' title='bbox 1235 1220 1324 1287; x_wconf 85' lang='lat' dir='ltr'><strong>Sulla</strong></span> <span class='ocrx_word' id='word_1_83' title='bbox 1334 1223 1376 1287; x_wconf 77' lang='lat'><strong>22</strong></span> 
     </span>
     <span class='ocr_line' id='line_1_12' title="bbox 155 1302 1325 1393; baseline 0.005 -24"><span class='ocrx_word' id='word_1_84' title='bbox 155 1309 188 1369; x_wconf 89' lang='lat' dir='ltr'><strong>et</strong></span> <span class='ocrx_word' id='word_1_85' title='bbox 211 1302 269 1370; x_wconf 80' lang='lat' dir='ltr'><strong>(ln.</strong></span> <span class='ocrx_word' id='word_1_86' title='bbox 288 1305 461 1390; x_wconf 91' lang='lat' dir='ltr'><strong>Pompeius</strong></span> <span class='ocrx_word' id='word_1_87' title='bbox 486 1306 597 1389; x_wconf 87' lang='lat' dir='ltr'><strong>proavi</strong></span> <span class='ocrx_word' id='word_1_88' title='bbox 620 1310 721 1389; x_wconf 89' lang='lat' dir='ltr'><strong>erant,</strong></span> <span class='ocrx_word' id='word_1_89' title='bbox 740 1305 883 1370; x_wconf 87' lang='lat' dir='ltr'><strong>defertur</strong></span> <span class='ocrx_word' id='word_1_90' title='bbox 907 1308 1108 1373; x_wconf 89' lang='lat' dir='ltr'><strong>simulavisse</strong></span> <span class='ocrx_word' id='word_1_91' title='bbox 1131 1315 1262 1393; x_wconf 87' lang='lat' dir='ltr'><strong>partum</strong></span> <span class='ocrx_word' id='word_1_92' title='bbox 1286 1333 1325 1375; x_wconf 86' lang='lat' dir='ltr'><strong>ex</strong></span> 
     </span>
     <span class='ocr_line' id='line_1_13' title="bbox 155 1393 1324 1477; baseline 0.006 -20"><span class='ocrx_word' id='word_1_93' title='bbox 155 1393 191 1459; x_wconf 88' lang='lat' dir='ltr'><strong>P.</strong></span> <span class='ocrx_word' id='word_1_94' title='bbox 215 1393 360 1469; x_wconf 82' lang='lat' dir='ltr'><strong>Quirinio</strong></span> <span class='ocrx_word' id='word_1_95' title='bbox 384 1394 485 1458; x_wconf 87' lang='lat' dir='ltr'><strong>divite</strong></span> <span class='ocrx_word' id='word_1_96' title='bbox 509 1399 605 1477; x_wconf 87' lang='lat' dir='ltr'><strong>atque</strong></span> <span class='ocrx_word' id='word_1_97' title='bbox 629 1395 719 1461; x_wconf 87' lang='lat' dir='ltr'><strong>orbo.</strong></span> <span class='ocrx_word' id='word_1_98' title='bbox 765 1395 987 1461; x_wconf 87' lang='lat' dir='ltr'><strong>adiciebantur</strong></span> <span class='ocrx_word' id='word_1_99' title='bbox 1010 1397 1176 1477; x_wconf 89' lang='lat' dir='ltr'><strong>adulteria,</strong></span> <span class='ocrx_word' id='word_1_100' title='bbox 1199 1421 1324 1464; x_wconf 86' lang='lat' dir='ltr'><strong>venena</strong></span> 
     </span>
     <span class='ocr_line' id='line_1_14' title="bbox 153 1480 1323 1571; baseline 0.006 -25"><span class='ocrx_word' id='word_1_101' title='bbox 153 1483 395 1567; x_wconf 89' lang='lat' dir='ltr'><strong>quaesitumque</strong></span> <span class='ocrx_word' id='word_1_102' title='bbox 422 1505 480 1566; x_wconf 88' lang='lat' dir='ltr'><strong>per</strong></span> <span class='ocrx_word' id='word_1_103' title='bbox 508 1480 687 1547; x_wconf 79' lang='lat' dir='ltr'><strong>Chaldaeos</strong></span> <span class='ocrx_word' id='word_1_104' title='bbox 720 1483 754 1547; x_wconf 92' lang='lat' dir='ltr'><strong>in</strong></span> <span class='ocrx_word' id='word_1_105' title='bbox 783 1484 913 1548; x_wconf 91' lang='lat' dir='ltr'><strong>domum</strong></span> <span class='ocrx_word' id='word_1_106' title='bbox 942 1482 1104 1571; x_wconf 80' lang='lat' dir='ltr'><strong>Caesaris,</strong></span> <span class='ocrx_word' id='word_1_107' title='bbox 1134 1486 1323 1553; x_wconf 90' lang='lat' dir='ltr'><strong>defendente</strong></span> 
     </span>
     <span class='ocr_line' id='line_1_15' title="bbox 153 1569 1375 1659; baseline 0.007 -25"><span class='ocrx_word' id='word_1_108' title='bbox 153 1592 240 1636; x_wconf 89' lang='lat' dir='ltr'><strong>ream</strong></span> <span class='ocrx_word' id='word_1_109' title='bbox 263 1570 375 1636; x_wconf 88' lang='lat' dir='ltr'><strong>Manio</strong></span> <span class='ocrx_word' id='word_1_110' title='bbox 397 1569 520 1654; x_wconf 87' lang='lat' dir='ltr'><strong>Lepido</strong></span> <span class='ocrx_word' id='word_1_111' title='bbox 548 1572 658 1636; x_wconf 88' lang='lat' dir='ltr'><strong>fratre.</strong></span> <span class='ocrx_word' id='word_1_112' title='bbox 707 1572 872 1648; x_wconf 82' lang='lat' dir='ltr'><strong>Quirinius</strong></span> <span class='ocrx_word' id='word_1_113' title='bbox 901 1577 977 1656; x_wconf 91' lang='lat' dir='ltr'><strong>post</strong></span> <span class='ocrx_word' id='word_1_114' title='bbox 1005 1574 1126 1639; x_wconf 86' lang='lat' dir='ltr'><strong>dietum</strong></span> <span class='ocrx_word' id='word_1_115' title='bbox 1154 1577 1323 1659; x_wconf 88' lang='lat' dir='ltr'><strong>repudium</strong></span> <span class='ocrx_word' id='word_1_116' title='bbox 1359 1593 1375 1641; x_wconf 80' lang='lat'><strong>5</strong></span> 
     </span>
     <span class='ocr_line' id='line_1_16' title="bbox 154 1659 1324 1744; baseline 0.007 -22"><span class='ocrx_word' id='word_1_117' title='bbox 154 1659 258 1723; x_wconf 85' lang='lat' dir='ltr'><strong>adhue</strong></span> <span class='ocrx_word' id='word_1_118' title='bbox 281 1660 425 1725; x_wconf 87' lang='lat' dir='ltr'><strong>infensus</strong></span> <span class='ocrx_word' id='word_1_119' title='bbox 451 1661 597 1744; x_wconf 81' lang='lat' dir='ltr'><strong>quamvis</strong></span> <span class='ocrx_word' id='word_1_120' title='bbox 619 1660 734 1725; x_wconf 85' lang='lat' dir='ltr'><strong>infami</strong></span> <span class='ocrx_word' id='word_1_121' title='bbox 757 1683 795 1726; x_wconf 91' lang='lat' dir='ltr'><strong>ac</strong></span> <span class='ocrx_word' id='word_1_122' title='bbox 817 1662 947 1726; x_wconf 81' lang='lat' dir='ltr'><strong>nocenti</strong></span> <span class='ocrx_word' id='word_1_123' title='bbox 971 1663 1212 1729; x_wconf 88' lang='lat' dir='ltr'><strong>miserationem</strong></span> <span class='ocrx_word' id='word_1_124' title='bbox 1236 1665 1324 1729; x_wconf 88' lang='lat' dir='ltr'><strong>addi·</strong></span> 
     </span>
     <span class='ocr_line' id='line_1_17' title="bbox 153 1748 1321 1837; baseline 0.006 -26"><span class='ocrx_word' id='word_1_125' title='bbox 153 1748 253 1812; x_wconf 87' lang='lat' dir='ltr'><strong>derat.</strong></span> <span class='ocrx_word' id='word_1_126' title='bbox 297 1749 383 1813; x_wconf 88' lang='lat' dir='ltr'><strong>haud</strong></span> <span class='ocrx_word' id='word_1_127' title='bbox 410 1749 504 1814; x_wconf 89' lang='lat' dir='ltr'><strong>facile</strong></span> <span class='ocrx_word' id='word_1_128' title='bbox 528 1750 599 1833; x_wconf 90' lang='lat' dir='ltr'><strong>quis</strong></span> <span class='ocrx_word' id='word_1_129' title='bbox 624 1750 799 1833; x_wconf 85' lang='lat' dir='ltr'><strong>dispexerit</strong></span> <span class='ocrx_word' id='word_1_130' title='bbox 827 1751 883 1815; x_wconf 91' lang='lat' dir='ltr'><strong>illa</strong></span> <span class='ocrx_word' id='word_1_131' title='bbox 910 1751 944 1815; x_wconf 90' lang='lat' dir='ltr'><strong>in</strong></span> <span class='ocrx_word' id='word_1_132' title='bbox 971 1752 1154 1837; x_wconf 82' lang='lat' dir='ltr'><strong>cognitione</strong></span> <span class='ocrx_word' id='word_1_133' title='bbox 1182 1756 1321 1818; x_wconf 89' lang='lat' dir='ltr'><strong>mentem</strong></span> 
     </span>
     <span class='ocr_line' id='line_1_18' title="bbox 122 1836 1321 1926; baseline 0.006 -27"><span class='ocrx_word' id='word_1_134' title='bbox 122 1836 320 1920; x_wconf 83' lang='lat' dir='ltr'><strong>&#39;principis:</strong></span> <span class='ocrx_word' id='word_1_135' title='bbox 354 1838 433 1902; x_wconf 90' lang='lat' dir='ltr'><strong>adeo</strong></span> <span class='ocrx_word' id='word_1_136' title='bbox 466 1839 565 1902; x_wconf 87' lang='lat' dir='ltr'><strong>vertit</strong></span> <span class='ocrx_word' id='word_1_137' title='bbox 599 1859 636 1902; x_wconf 88' lang='lat' dir='ltr'><strong>ac</strong></span> <span class='ocrx_word' id='word_1_138' title='bbox 669 1840 799 1903; x_wconf 89' lang='lat' dir='ltr'><strong>miscuit</strong></span> <span class='ocrx_word' id='word_1_139' title='bbox 830 1840 896 1904; x_wconf 90' lang='lat' dir='ltr'><strong>irae</strong></span> <span class='ocrx_word' id='word_1_140' title='bbox 934 1844 966 1905; x_wconf 89' lang='lat' dir='ltr'><strong>et</strong></span> <span class='ocrx_word' id='word_1_141' title='bbox 997 1841 1186 1906; x_wconf 89' lang='lat' dir='ltr'><strong>clementiae</strong></span> <span class='ocrx_word' id='word_1_142' title='bbox 1220 1842 1321 1926; x_wconf 80' lang='lat' dir='ltr'><strong>signa.</strong></span> 
     </span>
     <span class='ocr_line' id='line_1_19' title="bbox 152 1924 1321 2010; baseline 0.006 -22"><span class='ocrx_word' id='word_1_143' title='bbox 152 1924 341 2008; x_wconf 86' lang='lat' dir='ltr'><strong>deprecatus</strong></span> <span class='ocrx_word' id='word_1_144' title='bbox 360 1927 467 2010; x_wconf 88' lang='lat' dir='ltr'><strong>primo</strong></span> <span class='ocrx_word' id='word_1_145' title='bbox 490 1931 646 2010; x_wconf 89' lang='lat' dir='ltr'><strong>senatum,</strong></span> <span class='ocrx_word' id='word_1_146' title='bbox 669 1950 710 1991; x_wconf 92' lang='lat' dir='ltr'><strong>ne</strong></span> <span class='ocrx_word' id='word_1_147' title='bbox 733 1928 912 1992; x_wconf 86' lang='lat' dir='ltr'><strong>maiestatis</strong></span> <span class='ocrx_word' id='word_1_148' title='bbox 936 1929 1071 1993; x_wconf 91' lang='lat' dir='ltr'><strong>crimina</strong></span> <span class='ocrx_word' id='word_1_149' title='bbox 1093 1933 1321 2010; x_wconf 88' lang='lat' dir='ltr'><strong>tractarentur,</strong></span> 
     </span>
     <span class='ocr_line' id='line_1_20' title="bbox 151 2011 1372 2099; baseline 0.004 -22"><span class='ocrx_word' id='word_1_150' title='bbox 151 2013 231 2078; x_wconf 57' lang='lat' dir='ltr'><strong>mox&#39;</strong></span> <span class='ocrx_word' id='word_1_151' title='bbox 253 2011 295 2079; x_wconf 90' lang='lat' dir='ltr'><strong>M.</strong></span> <span class='ocrx_word' id='word_1_152' title='bbox 325 2013 497 2079; x_wconf 82' lang='lat' dir='ltr'><strong>Servilium</strong></span> <span class='ocrx_word' id='word_1_153' title='bbox 529 2037 546 2078; x_wconf 95' lang='lat' dir='ltr'><strong>e</strong></span> <span class='ocrx_word' id='word_1_154' title='bbox 579 2015 804 2080; x_wconf 87' lang='lat' dir='ltr'><strong>consularibus</strong></span> <span class='ocrx_word' id='word_1_155' title='bbox 834 2017 976 2099; x_wconf 89' lang='lat' dir='ltr'><strong>aliosque</strong></span> <span class='ocrx_word' id='word_1_156' title='bbox 1004 2021 1105 2083; x_wconf 88' lang='lat' dir='ltr'><strong>testes</strong></span> <span class='ocrx_word' id='word_1_157' title='bbox 1137 2020 1252 2084; x_wconf 85' lang='lat' dir='ltr'><strong>inlexit</strong></span> <span class='ocrx_word' id='word_1_158' title='bbox 1280 2020 1320 2084; x_wconf 90' lang='lat' dir='ltr'><strong>ad</strong></span> <span class='ocrx_word' id='word_1_159' title='bbox 1340 2036 1372 2083; x_wconf 89' lang='lat'><strong>10</strong></span> 
     </span>
     <span class='ocr_line' id='line_1_21' title="bbox 150 2101 1320 2192; baseline 0.008 -27"><span class='ocrx_word' id='word_1_160' title='bbox 150 2101 342 2186; x_wconf 88' lang='lat' dir='ltr'><strong>proferenda</strong></span> <span class='ocrx_word' id='word_1_161' title='bbox 366 2125 447 2187; x_wconf 87' lang='lat' dir='ltr'><strong>quae</strong></span> <span class='ocrx_word' id='word_1_162' title='bbox 469 2102 559 2167; x_wconf 87' lang='lat' dir='ltr'><strong>velut</strong></span> <span class='ocrx_word' id='word_1_163' title='bbox 581 2105 700 2167; x_wconf 85' lang='lat' dir='ltr'><strong>reicere</strong></span> <span class='ocrx_word' id='word_1_164' title='bbox 722 2106 878 2168; x_wconf 85' lang='lat' dir='ltr'><strong>voluerat.</strong></span> <span class='ocrx_word' id='word_1_165' title='bbox 920 2106 1068 2189; x_wconf 90' lang='lat' dir='ltr'><strong>idemque</strong></span> <span class='ocrx_word' id='word_1_166' title='bbox 1091 2128 1201 2173; x_wconf 87' lang='lat' dir='ltr'><strong>servos</strong></span> <span class='ocrx_word' id='word_1_167' title='bbox 1225 2108 1320 2192; x_wconf 87' lang='lat' dir='ltr'><strong>Lepi-</strong></span> 
     </span>
     <span class='ocr_line' id='line_1_22' title="bbox 150 2191 1320 2276; baseline 0.008 -22"><span class='ocrx_word' id='word_1_168' title='bbox 150 2191 225 2274; x_wconf 89' lang='lat' dir='ltr'><strong>dae,</strong></span> <span class='ocrx_word' id='word_1_169' title='bbox 248 2213 321 2255; x_wconf 91' lang='lat' dir='ltr'><strong>cum</strong></span> <span class='ocrx_word' id='word_1_170' title='bbox 348 2192 484 2256; x_wconf 90' lang='lat' dir='ltr'><strong>militari</strong></span> <span class='ocrx_word' id='word_1_171' title='bbox 511 2191 659 2256; x_wconf 83' lang='lat' dir='ltr'><strong>custodia</strong></span> <span class='ocrx_word' id='word_1_172' title='bbox 681 2192 893 2276; x_wconf 88' lang='lat' dir='ltr'><strong>haberentur,</strong></span> <span class='ocrx_word' id='word_1_173' title='bbox 915 2196 1085 2260; x_wconf 88' lang='lat' dir='ltr'><strong>transtulit</strong></span> <span class='ocrx_word' id='word_1_174' title='bbox 1108 2196 1148 2260; x_wconf 90' lang='lat' dir='ltr'><strong>ad</strong></span> <span class='ocrx_word' id='word_1_175' title='bbox 1172 2199 1320 2262; x_wconf 89' lang='lat' dir='ltr'><strong>eonsules</strong></span> 
     </span>
     <span class='ocr_line' id='line_1_23' title="bbox 150 2281 1321 2369; baseline 0.006 -26"><span class='ocrx_word' id='word_1_176' title='bbox 150 2300 254 2364; x_wconf 88' lang='lat' dir='ltr'><strong>neque</strong></span> <span class='ocrx_word' id='word_1_177' title='bbox 286 2301 344 2363; x_wconf 91' lang='lat' dir='ltr'><strong>per</strong></span> <span class='ocrx_word' id='word_1_178' title='bbox 375 2283 538 2344; x_wconf 88' lang='lat' dir='ltr'><strong>tormenta</strong></span> <span class='ocrx_word' id='word_1_179' title='bbox 570 2281 766 2365; x_wconf 84' lang='lat' dir='ltr'><strong>interrogari</strong></span> <span class='ocrx_word' id='word_1_180' title='bbox 794 2303 909 2364; x_wconf 88' lang='lat' dir='ltr'><strong>passus</strong></span> <span class='ocrx_word' id='word_1_181' title='bbox 943 2287 993 2346; x_wconf 89' lang='lat' dir='ltr'><strong>est</strong></span> <span class='ocrx_word' id='word_1_182' title='bbox 1021 2284 1059 2346; x_wconf 92' lang='lat' dir='ltr'><strong>de</strong></span> <span class='ocrx_word' id='word_1_183' title='bbox 1088 2283 1141 2368; x_wconf 89' lang='lat' dir='ltr'><strong>iis,</strong></span> <span class='ocrx_word' id='word_1_184' title='bbox 1171 2308 1253 2369; x_wconf 90' lang='lat' dir='ltr'><strong>quae</strong></span> <span class='ocrx_word' id='word_1_185' title='bbox 1280 2286 1321 2350; x_wconf 87' lang='lat' dir='ltr'><strong>ad</strong></span> 
     </span>
     <span class='ocr_line' id='line_1_24' title="bbox 152 2368 1320 2452; baseline 0.006 -21"><span class='ocrx_word' id='word_1_186' title='bbox 152 2368 282 2432; x_wconf 92' lang='lat' dir='ltr'><strong>domum</strong></span> <span class='ocrx_word' id='word_1_187' title='bbox 315 2391 407 2433; x_wconf 90' lang='lat' dir='ltr'><strong>suam</strong></span> <span class='ocrx_word' id='word_1_188' title='bbox 439 2369 647 2452; x_wconf 88' lang='lat' dir='ltr'><strong>pertinerent.</strong></span> <span class='ocrx_word' id='word_1_189' title='bbox 703 2371 821 2434; x_wconf 86' lang='lat' dir='ltr'><strong>exemit</strong></span> <span class='ocrx_word' id='word_1_190' title='bbox 853 2371 951 2434; x_wconf 88' lang='lat' dir='ltr'><strong>etiam</strong></span> <span class='ocrx_word' id='word_1_191' title='bbox 981 2369 1124 2436; x_wconf 88' lang='lat' dir='ltr'><strong>Drusum</strong></span> <span class='ocrx_word' id='word_1_192' title='bbox 1157 2374 1320 2438; x_wconf 90' lang='lat' dir='ltr'><strong>consulem</strong></span> 
     </span>
    </p>
   </div>
   <div class='ocr_carea' id='block_1_3' title="bbox 144 2506 1319 3302">
    <p class='ocr_par' dir='ltr' id='par_1_5' title="bbox 146 2506 1319 2868">
     <span class='ocr_line' id='line_1_25' title="bbox 187 2506 1319 2579; baseline 0.004 -19"><span class='ocrx_word' id='word_1_193' title='bbox 187 2513 228 2562; x_wconf 79' lang='lat'><strong>12.</strong></span> <span class='ocrx_word' id='word_1_194' title='bbox 248 2509 383 2562; x_wconf 82' lang='lat' dir='ltr'><strong>obsidium</strong></span> <span class='ocrx_word' id='word_1_195' title='bbox 401 2508 471 2561; x_wconf 86' lang='lat' dir='ltr'><strong>statt</strong></span> <span class='ocrx_word' id='word_1_196' title='bbox 490 2508 606 2576; x_wconf 85' lang='lat' dir='ltr'><strong>obsidio,</strong></span> <span class='ocrx_word' id='word_1_197' title='bbox 625 2506 705 2562; x_wconf 86' lang='lat' dir='ltr'><strong>nicht</strong></span> <span class='ocrx_word' id='word_1_198' title='bbox 795 2514 821 2563; x_wconf 84' lang='grc'><strong>3.</strong></span> <span class='ocrx_word' id='word_1_199' title='bbox 846 2509 992 2579; x_wconf 73' lang='lat' dir='ltr'><strong>Quirinius</strong></span> <span class='ocrx_word' id='word_1_200' title='bbox 1018 2510 1097 2564; x_wconf 88' lang='lat' dir='ltr'><strong>hatte</strong></span> <span class='ocrx_word' id='word_1_201' title='bbox 1126 2510 1195 2564; x_wconf 85' lang='lat' dir='ltr'><strong>stets</strong></span> <span class='ocrx_word' id='word_1_202' title='bbox 1218 2511 1248 2564; x_wconf 91' lang='lat' dir='ltr'><strong>in</strong></span> <span class='ocrx_word' id='word_1_203' title='bbox 1270 2510 1319 2565; x_wconf 87' lang='lat' dir='ltr'><strong>der</strong></span> 
     </span>
     <span class='ocr_line' id='line_1_26' title="bbox 147 2577 1317 2649; baseline 0.004 -18"><span class='ocrx_word' id='word_1_204' title='bbox 147 2578 238 2632; x_wconf 89' lang='lat' dir='ltr'><strong>selten</strong></span> <span class='ocrx_word' id='word_1_205' title='bbox 250 2577 297 2632; x_wconf 91' lang='lat' dir='ltr'><strong>bei</strong></span> <span class='ocrx_word' id='word_1_206' title='bbox 305 2577 427 2633; x_wconf 87' lang='lat' dir='ltr'><strong>Tacitus.</strong></span> <span class='ocrx_word' id='word_1_207' title='bbox 439 2580 591 2649; x_wconf 76' lang='lat' dir='ltr'><strong>-sparpit</strong></span> <span class='ocrx_word' id='word_1_208' title='bbox 600 2580 704 2648; x_wconf 85' lang='lat' dir='ltr'><strong>bellum,</strong></span> <span class='ocrx_word' id='word_1_209' title='bbox 759 2579 852 2634; x_wconf 82' lang='lat' dir='ltr'><strong>Gunst</strong></span> <span class='ocrx_word' id='word_1_210' title='bbox 874 2580 923 2633; x_wconf 89' lang='lat' dir='ltr'><strong>des</strong></span> <span class='ocrx_word' id='word_1_211' title='bbox 942 2579 1070 2634; x_wconf 84' lang='lat' dir='ltr'><strong>Tiberius</strong></span> <span class='ocrx_word' id='word_1_212' title='bbox 1089 2581 1252 2649; x_wconf 81' lang='lat' dir='ltr'><strong>gastandan.</strong></span> <span class='ocrx_word' id='word_1_213' title='bbox 1290 2581 1317 2636; x_wconf 83' lang='lat' dir='ltr'><strong>S.</strong></span> 
     </span>
     <span class='ocr_line' id='line_1_27' title="bbox 146 2649 898 2720; baseline 0.001 -18"><span class='ocrx_word' id='word_1_214' title='bbox 146 2650 200 2703; x_wconf 88' lang='lat' dir='ltr'><strong>wie</strong></span> <span class='ocrx_word' id='word_1_215' title='bbox 214 2649 279 2717; x_wconf 84' lang='lat' dir='ltr'><strong>Agr.</strong></span> <span class='ocrx_word' id='word_1_216' title='bbox 293 2654 327 2703; x_wconf 84' lang='lat'><strong>38</strong></span> <span class='ocrx_word' id='word_1_217' title='bbox 341 2650 439 2704; x_wconf 80' lang='lat' dir='ltr'><strong>bellum</strong></span> <span class='ocrx_word' id='word_1_218' title='bbox 452 2652 549 2720; x_wconf 63' lang='lat' dir='ltr'><strong>spargi</strong></span> <span class='ocrx_word' id='word_1_219' title='bbox 562 2652 704 2719; x_wconf 57' lang='lat' dir='ltr'><strong>nequibam</strong></span> <span class='ocrx_word' id='word_1_220' title='bbox 758 2669 793 2704; x_wconf 85' lang='lat' dir='ltr'><strong>zu</strong></span> <span class='ocrx_word' id='word_1_221' title='bbox 811 2657 836 2719; x_wconf 79' lang='lat'><strong>2,</strong></span> <span class='ocrx_word' id='word_1_222' title='bbox 856 2655 898 2704; x_wconf 85' lang='lat'><strong>30.</strong></span> 
     </span>
     <span class='ocr_line' id='line_1_28' title="bbox 147 2718 1317 2799; baseline 0 -13"><span class='ocrx_word' id='word_1_223' title='bbox 147 2718 182 2773; x_wconf 78' lang='lat' dir='ltr'><strong>cf·</strong></span> <span class='ocrx_word' id='word_1_224' title='bbox 200 2718 344 2799; x_wconf 62' lang='lat' dir='ltr'><strong>nutans,</strong></span> <span class='ocrx_word' id='word_1_225' title='bbox 363 2726 427 2785; x_wconf 70' lang='lat'><strong>6823</strong></span> <span class='ocrx_word' id='word_1_226' title='bbox 451 2727 476 2787; x_wconf 77' lang='lat'><strong>3,</strong></span> <span class='ocrx_word' id='word_1_227' title='bbox 496 2727 541 2788; x_wconf 71' lang='lat'><strong>643</strong></span> <span class='ocrx_word' id='word_1_228' title='bbox 568 2724 705 2791; x_wconf 67' lang='lat' dir='ltr'><strong>(sparsere</strong></span> <span class='ocrx_word' id='word_1_229' title='bbox 796 2736 820 2784; x_wconf 74' lang='lat' dir='ltr'><strong>a.</strong></span> <span class='ocrx_word' id='word_1_230' title='bbox 844 2730 896 2785; x_wconf 77' lang='lat' dir='ltr'><strong>m.</strong></span> <span class='ocrx_word' id='word_1_231' title='bbox 919 2730 1042 2798; x_wconf 68' lang='lat' dir='ltr'><strong>napaeas</strong></span> <span class='ocrx_word' id='word_1_232' title='bbox 1067 2729 1106 2784; x_wconf 77' lang='lat' dir='ltr'><strong>sa</strong></span> <span class='ocrx_word' id='word_1_233' title='bbox 1133 2731 1183 2784; x_wconf 72' lang='lat' dir='ltr'><strong>aa</strong></span> <span class='ocrx_word' id='word_1_234' title='bbox 1208 2731 1249 2785; x_wconf 81' lang='lat' dir='ltr'><strong>oft</strong></span> <span class='ocrx_word' id='word_1_235' title='bbox 1270 2748 1317 2799; x_wconf 80' lang='lat' dir='ltr'><strong>ge-</strong></span> 
     </span>
     <span class='ocr_line' id='line_1_29' title="bbox 147 2790 1317 2868; baseline 0.004 -17"><span class='ocrx_word' id='word_1_236' title='bbox 147 2790 263 2859; x_wconf 66' lang='lat' dir='ltr'><strong>leyims</strong></span> <span class='ocrx_word' id='word_1_237' title='bbox 280 2790 345 2843; x_wconf 62' lang='lat' dir='ltr'><strong>hlei·</strong></span> <span class='ocrx_word' id='word_1_238' title='bbox 364 2795 389 2858; x_wconf 80' lang='lat'><strong>2,</strong></span> <span class='ocrx_word' id='word_1_239' title='bbox 409 2793 463 2858; x_wconf 76' lang='lat'>⁷6)·</span> <span class='ocrx_word' id='word_1_240' title='bbox 758 2803 865 2855; x_wconf 85' lang='lat' dir='ltr'><strong>nannte</strong></span> <span class='ocrx_word' id='word_1_241' title='bbox 879 2800 998 2868; x_wconf 73' lang='lat' dir='ltr'><strong>laeana,</strong></span> <span class='ocrx_word' id='word_1_242' title='bbox 1017 2800 1144 2861; x_wconf 83' lang='lat' dir='ltr'><strong>dersieh</strong></span> <span class='ocrx_word' id='word_1_243' title='bbox 1163 2804 1246 2856; x_wconf 88' lang='lat' dir='ltr'><strong>unter</strong></span> <span class='ocrx_word' id='word_1_244' title='bbox 1264 2801 1317 2856; x_wconf 89' lang='lat' dir='ltr'><strong>den</strong></span> 
     </span>
    </p>

    <p class='ocr_par' dir='ltr' id='par_1_6' title="bbox 145 2862 1315 3088">
     <span class='ocr_line' id='line_1_30' title="bbox 184 2862 1315 2967; baseline -0.002 -39"><span class='ocrx_word' id='word_1_245' title='bbox 184 2865 226 2913; x_wconf 81' lang='lat'><strong>13·</strong></span> <span class='ocrx_word' id='word_1_246' title='bbox 262 2876 371 2941; x_wconf 58' lang='lat' dir='ltr'><strong>rmum</strong></span> <span class='ocrx_word' id='word_1_247' title='bbox 398 2877 530 2930; x_wconf 61' lang='lat' dir='ltr'><strong>remeans,</strong></span> <span class='ocrx_word' id='word_1_248' title='bbox 559 2862 604 2945; x_wconf 61' lang='lat' dir='ltr'><strong>eh}</strong></span> <span class='ocrx_word' id='word_1_249' title='bbox 633 2880 704 2934; x_wconf 59' lang='lat' dir='ltr'><strong>ganz</strong></span> <span class='ocrx_word' id='word_1_250' title='bbox 757 2870 956 2941; x_wconf 84' lang='lat' dir='ltr'><strong>Varteidigern</strong></span> <span class='ocrx_word' id='word_1_251' title='bbox 974 2872 1023 2925; x_wconf 88' lang='lat' dir='ltr'><strong>des</strong></span> <span class='ocrx_word' id='word_1_252' title='bbox 1042 2871 1108 2925; x_wconf 88' lang='lat' dir='ltr'><strong>Piso</strong></span> <span class='ocrx_word' id='word_1_253' title='bbox 1130 2876 1184 2967; x_wconf 88' lang='lat' dir='ltr'><strong>(cp.</strong></span> <span class='ocrx_word' id='word_1_254' title='bbox 1205 2875 1248 2942; x_wconf 88' lang='lat'><strong>11)</strong></span> <span class='ocrx_word' id='word_1_255' title='bbox 1267 2871 1315 2926; x_wconf 92' lang='lat' dir='ltr'><strong>be-</strong></span> 
     </span>
     <span class='ocr_line' id='line_1_31' title="bbox 145 2929 1315 3011; baseline 0.005 -27"><span class='ocrx_word' id='word_1_256' title='bbox 145 2929 355 3001; x_wconf 75' lang='lat' dir='ltr'><strong>gewdhnlrcher</strong></span> <span class='ocrx_word' id='word_1_257' title='bbox 379 2932 559 2988; x_wconf 88' lang='lat' dir='ltr'><strong>Pleonasmus</strong></span> <span class='ocrx_word' id='word_1_258' title='bbox 587 2951 627 2987; x_wconf 88' lang='lat' dir='ltr'><strong>rm</strong></span> <span class='ocrx_word' id='word_1_259' title='bbox 649 2933 702 2987; x_wconf 86' lang='lat' dir='ltr'><strong>La·</strong></span> <span class='ocrx_word' id='word_1_260' title='bbox 755 2942 861 2997; x_wconf 72' lang='lat' dir='ltr'><strong>funden</strong></span> <span class='ocrx_word' id='word_1_261' title='bbox 878 2944 965 2998; x_wconf 71' lang='lat' dir='ltr'><strong>hatte,</strong></span> <span class='ocrx_word' id='word_1_262' title='bbox 983 2973 1020 2983; x_wconf 89' lang='lat'><strong>.-</strong></span> <span class='ocrx_word' id='word_1_263' title='bbox 1038 2945 1141 2998; x_wconf 63' lang='lat' dir='ltr'><strong>dictum</strong></span> <span class='ocrx_word' id='word_1_264' title='bbox 1172 2944 1315 3011; x_wconf 64' lang='lat' dir='ltr'><strong>angelran-</strong></span> 
     </span>
     <span class='ocr_line' id='line_1_32' title="bbox 146 3001 1093 3088; baseline 0.005 -25"><span class='ocrx_word' id='word_1_265' title='bbox 146 3001 316 3086; x_wconf 68' lang='lat' dir='ltr'><strong>ieiniflell013‚</strong></span> <span class='ocrx_word' id='word_1_266' title='bbox 335 3002 369 3056; x_wconf 75' lang='lat' dir='ltr'><strong>cf·</strong></span> <span class='ocrx_word' id='word_1_267' title='bbox 385 3009 409 3071; x_wconf 83' lang='grc'><strong>6,</strong></span> <span class='ocrx_word' id='word_1_268' title='bbox 430 3009 453 3056; x_wconf 90' lang='lat'><strong>1·</strong></span> <span class='ocrx_word' id='word_1_269' title='bbox 606 3077 612 3088; x_wconf 39' lang='lat'><strong>·</strong></span> <span class='ocrx_word' id='word_1_270' title='bbox 756 3013 827 3084; x_wconf 83' lang='lat' dir='ltr'><strong>digt,</strong></span> <span class='ocrx_word' id='word_1_271' title='bbox 846 3013 1093 3084; x_wconf 83' lang='lat' dir='ltr'><strong>ausgesproehen&#39;.</strong></span> 
     </span>
    </p>

    <p class='ocr_par' dir='ltr' id='par_1_7' title="bbox 144 3074 1313 3302">
     <span class='ocr_line' id='line_1_33' title="bbox 183 3074 1313 3162; baseline 0.005 -21"><span class='ocrx_word' id='word_1_272' title='bbox 183 3079 223 3127; x_wconf 80' lang='lat'><strong>16·</strong></span> <span class='ocrx_word' id='word_1_273' title='bbox 241 3075 383 3155; x_wconf 56' lang='lat' dir='ltr'><strong>quiaquia,</strong></span> <span class='ocrx_word' id='word_1_274' title='bbox 406 3074 496 3130; x_wconf 67' lang='lat' dir='ltr'><strong>nasse</strong></span> <span class='ocrx_word' id='word_1_275' title='bbox 515 3081 541 3156; x_wconf 64' lang='lat' dir='ltr'><strong>e?</strong></span> <span class='ocrx_word' id='word_1_276' title='bbox 557 3076 701 3147; x_wconf 64' lang='lat' dir='ltr'><strong>inlinatur,</strong></span> <span class='ocrx_word' id='word_1_277' title='bbox 792 3100 817 3149; x_wconf 83' lang='lat' dir='ltr'><strong>a.</strong></span> <span class='ocrx_word' id='word_1_278' title='bbox 849 3096 973 3162; x_wconf 68' lang='lat' dir='ltr'><strong>infensus</strong></span> <span class='ocrx_word' id='word_1_279' title='bbox 1003 3094 1079 3148; x_wconf 77' lang='lat' dir='ltr'><strong>steni</strong></span> <span class='ocrx_word' id='word_1_280' title='bbox 1105 3094 1151 3148; x_wconf 84' lang='lat' dir='ltr'><strong>fur</strong></span> <span class='ocrx_word' id='word_1_281' title='bbox 1177 3091 1224 3148; x_wconf 79' lang='lat' dir='ltr'><strong>ein</strong></span> <span class='ocrx_word' id='word_1_282' title='bbox 1251 3095 1313 3149; x_wconf 73' lang='lat' dir='ltr'><strong>aas·</strong></span> 
     </span>
     <span class='ocr_line' id='line_1_34' title="bbox 145 3144 1313 3220; baseline 0.008 -22"><span class='ocrx_word' id='word_1_283' title='bbox 145 3144 212 3199; x_wconf 86' lang='lat' dir='ltr'><strong>aber</strong></span> <span class='ocrx_word' id='word_1_284' title='bbox 230 3159 275 3198; x_wconf 86' lang='lat' dir='ltr'><strong>am</strong></span> <span class='ocrx_word' id='word_1_285' title='bbox 288 3145 451 3214; x_wconf 85' lang='lat' dir='ltr'><strong>Asyndeton</strong></span> <span class='ocrx_word' id='word_1_286' title='bbox 469 3145 700 3202; x_wconf 84' lang='lat' dir='ltr'><strong>awe1erVorder·</strong></span> <span class='ocrx_word' id='word_1_287' title='bbox 754 3166 863 3219; x_wconf 57' lang='lat' dir='ltr'><strong>trappe,</strong></span> <span class='ocrx_word' id='word_1_288' title='bbox 893 3164 1110 3220; x_wconf 59' lang='lat' dir='ltr'><strong>snbstantivum,</strong></span> <span class='ocrx_word' id='word_1_289' title='bbox 1140 3194 1173 3204; x_wconf 93' lang='lat'><strong>..</strong></span> <span class='ocrx_word' id='word_1_290' title='bbox 1203 3166 1313 3220; x_wconf 63' lang='lat' dir='ltr'><strong>misera.</strong></span> 
     </span>
     <span class='ocr_line' id='line_1_35' title="bbox 144 3216 1311 3302; baseline 0.006 -33"><span class='ocrx_word' id='word_1_291' title='bbox 144 3217 218 3270; x_wconf 52' lang='lat' dir='ltr'><strong>salim</strong></span> <span class='ocrx_word' id='word_1_292' title='bbox 237 3217 309 3270; x_wconf 64' lang='lat' dir='ltr'><strong>auch</strong></span> <span class='ocrx_word' id='word_1_293' title='bbox 325 3216 391 3272; x_wconf 76' lang='lat' dir='ltr'><strong>hiel.</strong></span> <span class='ocrx_word' id='word_1_294' title='bbox 411 3222 436 3285; x_wconf 78' lang='lat'><strong>3,</strong></span> <span class='ocrx_word' id='word_1_295' title='bbox 457 3223 489 3270; x_wconf 82' lang='lat'><strong>13</strong></span> <span class='ocrx_word' id='word_1_296' title='bbox 507 3219 554 3272; x_wconf 73' lang='lat' dir='ltr'><strong>sed</strong></span> <span class='ocrx_word' id='word_1_297' title='bbox 571 3219 621 3272; x_wconf 73' lang='lat' dir='ltr'><strong>ubi</strong></span> <span class='ocrx_word' id='word_1_298' title='bbox 637 3220 702 3274; x_wconf 60' lang='lat' dir='ltr'><strong>totid</strong></span> <span class='ocrx_word' id='word_1_299' title='bbox 754 3238 861 3291; x_wconf 45' lang='lat' dir='ltr'><strong>mmm,</strong></span> <span class='ocrx_word' id='word_1_300' title='bbox 902 3235 969 3289; x_wconf 68' lang='lat' dir='ltr'><strong>Man</strong></span> <span class='ocrx_word' id='word_1_301' title='bbox 994 3235 1144 3291; x_wconf 63' lang='lat' dir='ltr'><strong>bedauerfie</strong></span> <span class='ocrx_word' id='word_1_302' title='bbox 1170 3237 1223 3302; x_wconf 58' lang='lat' dir='ltr'><strong>gie,</strong></span> <span class='ocrx_word' id='word_1_303' title='bbox 1249 3236 1311 3290; x_wconf 72' lang='lat' dir='ltr'><strong>weil</strong></span> 
     </span>
    </p>
   </div>
   <div class='ocr_carea' id='block_1_4' title="bbox 141 3288 1314 3592">
    <p class='ocr_par' dir='ltr' id='par_1_8' title="bbox 141 3288 1314 3512">
     <span class='ocr_line' id='line_1_36' title="bbox 143 3288 1312 3372; baseline 0.003 -14"><span class='ocrx_word' id='word_1_304' title='bbox 143 3288 240 3343; x_wconf 57' lang='lat' dir='ltr'><strong>camis</strong></span> <span class='ocrx_word' id='word_1_305' title='bbox 262 3289 294 3341; x_wconf 87' lang='lat' dir='ltr'><strong>iu</strong></span> <span class='ocrx_word' id='word_1_306' title='bbox 310 3288 387 3370; x_wconf 62' lang='lat' dir='ltr'><strong>{ama</strong></span> <span class='ocrx_word' id='word_1_307' title='bbox 401 3289 530 3371; x_wconf 28' lang='lat' dir='ltr'><strong>,proditio</strong></span> <span class='ocrx_word' id='word_1_308' title='bbox 548 3290 598 3372; x_wconf 74' lang='lat'><strong>(⁸0·</strong></span> <span class='ocrx_word' id='word_1_309' title='bbox 622 3293 701 3358; x_wconf 62' lang='lat' dir='ltr'><strong><em>erat),</em></strong></span> <span class='ocrx_word' id='word_1_310' title='bbox 755 3305 897 3372; x_wconf 84' lang='lat' dir='ltr'><strong>Quirinius</strong></span> <span class='ocrx_word' id='word_1_311' title='bbox 906 3308 978 3361; x_wconf 85' lang='lat' dir='ltr'><strong>nach</strong></span> <span class='ocrx_word' id='word_1_312' title='bbox 993 3306 1042 3360; x_wconf 92' lang='lat' dir='ltr'><strong>der</strong></span> <span class='ocrx_word' id='word_1_313' title='bbox 1051 3324 1101 3362; x_wconf 86' lang='lat' dir='ltr'><strong>vor</strong></span> <span class='ocrx_word' id='word_1_314' title='bbox 1108 3305 1199 3361; x_wconf 88' lang='lat' dir='ltr'><strong>vielen</strong></span> <span class='ocrx_word' id='word_1_315' title='bbox 1208 3307 1312 3361; x_wconf 86' lang='lat' dir='ltr'><strong>Jahren</strong></span> 
     </span>
     <span class='ocr_line' id='line_1_37' title="bbox 141 3360 1314 3446; baseline 0 -13"><span class='ocrx_word' id='word_1_316' title='bbox 141 3373 283 3440; x_wconf 55' lang='lat' dir='ltr'><strong>&#39;wrm</strong></span> <span class='ocrx_word' id='word_1_317' title='bbox 306 3375 337 3411; x_wconf 66' lang='lat' dir='ltr'><strong>&#39;l‘</strong></span> <span class='ocrx_word' id='word_1_318' title='bbox 356 3375 502 3441; x_wconf 48' lang='lat' dir='ltr'><strong>Piliam</strong></span> <span class='ocrx_word' id='word_1_319' title='bbox 523 3360 599 3414; x_wconf 52' lang='lat' dir='ltr'><strong>mil&amp;</strong></span> <span class='ocrx_word' id='word_1_320' title='bbox 617 3377 699 3428; x_wconf 59' lang='lat' dir='ltr'><strong>Piae·</strong></span> <span class='ocrx_word' id='word_1_321' title='bbox 754 3379 966 3446; x_wconf 84' lang='lat' dir='ltr'><strong>stattgehabten</strong></span> <span class='ocrx_word' id='word_1_322' title='bbox 989 3378 1150 3445; x_wconf 86' lang='lat' dir='ltr'><strong>Soheidung</strong></span> <span class='ocrx_word' id='word_1_323' title='bbox 1177 3376 1222 3431; x_wconf 92' lang='lat' dir='ltr'><strong>ihr</strong></span> <span class='ocrx_word' id='word_1_324' title='bbox 1241 3377 1314 3446; x_wconf 85' lang='lat' dir='ltr'><strong>jetzt</strong></span> 
     </span>
     <span class='ocr_line' id='line_1_38' title="bbox 142 3427 1167 3512; baseline -0.001 -9"><span class='ocrx_word' id='word_1_325' title='bbox 142 3432 276 3510; x_wconf 54' lang='lat' dir='ltr'><strong>impium,</strong></span> <span class='ocrx_word' id='word_1_326' title='bbox 307 3427 470 3510; x_wconf 40' lang='lat' dir='ltr'><strong>Zamam</strong></span> <span class='ocrx_word' id='word_1_327' title='bbox 497 3444 608 3512; x_wconf 54' lang='lat' dir='ltr'><strong>”OQ</strong></span> <span class='ocrx_word' id='word_1_328' title='bbox 633 3447 699 3498; x_wconf 62' lang='lat' dir='ltr'><strong>lm·</strong></span> <span class='ocrx_word' id='word_1_329' title='bbox 754 3449 826 3503; x_wconf 83' lang='lat' dir='ltr'><strong>noch</strong></span> <span class='ocrx_word' id='word_1_330' title='bbox 845 3448 899 3502; x_wconf 88' lang='lat' dir='ltr'><strong>den</strong></span> <span class='ocrx_word' id='word_1_331' title='bbox 916 3447 1027 3503; x_wconf 83' lang='lat' dir='ltr'><strong>Proaess</strong></span> <span class='ocrx_word' id='word_1_332' title='bbox 1046 3450 1167 3503; x_wconf 85' lang='lat' dir='ltr'><strong>machte.</strong></span> 
     </span>
    </p>

    <p class='ocr_par' dir='ltr' id='par_1_9' title="bbox 142 3497 1314 3592">
     <span class='ocr_line' id='line_1_39' title="bbox 142 3497 1314 3592; baseline -0.004 3"><span class='ocrx_word' id='word_1_333' title='bbox 142 3503 226 3552; x_wconf 54' lang='lat' dir='ltr'><strong>wem</strong></span> <span class='ocrx_word' id='word_1_334' title='bbox 240 3497 443 3567; x_wconf 54' lang='lat' dir='ltr'><strong>Vitelheffiw</strong></span> <span class='ocrx_word' id='word_1_335' title='bbox 453 3500 700 3567; x_wconf 46' lang='lat' dir='ltr'><strong>afffflxit’wmm</strong></span> <span class='ocrx_word' id='word_1_336' title='bbox 791 3541 831 3590; x_wconf 87' lang='lat'><strong>10.</strong></span> <span class='ocrx_word' id='word_1_337' title='bbox 851 3536 984 3591; x_wconf 79' lang='lat' dir='ltr'><strong>Seruilius</strong></span> <span class='ocrx_word' id='word_1_338' title='bbox 1002 3553 1060 3592; x_wconf 84' lang='lat' dir='ltr'><strong>war</strong></span> <span class='ocrx_word' id='word_1_339' title='bbox 1079 3536 1142 3591; x_wconf 91' lang='lat' dir='ltr'><strong>dem</strong></span> <span class='ocrx_word' id='word_1_340' title='bbox 1156 3535 1255 3591; x_wconf 90' lang='lat' dir='ltr'><strong>Kaiser</strong></span> <span class='ocrx_word' id='word_1_341' title='bbox 1268 3536 1314 3590; x_wconf 75' lang='lat' dir='ltr'><strong>fiir</strong></span> 
     </span>
    </p>
   </div>
   <div class='ocr_carea' id='block_1_5' title="bbox 138 3568 1312 3746">
    <p class='ocr_par' dir='ltr' id='par_1_10' title="bbox 138 3568 1312 3746">
     <span class='ocr_line' id='line_1_40' title="bbox 138 3568 1312 3746; baseline 0.025 -56"><span class='ocrx_word' id='word_1_342' title='bbox 138 3583 231 3694; x_wconf 59' lang='lat' dir='ltr'><strong>palpa</strong></span> <span class='ocrx_word' id='word_1_343' title='bbox 242 3568 396 3693; x_wconf 54' lang='lat' dir='ltr'><strong>dmi}</strong></span> <span class='ocrx_word' id='word_1_344' title='bbox 413 3639 488 3693; x_wconf 76' lang='lat' dir='ltr'><strong>wara</strong></span> <span class='ocrx_word' id='word_1_345' title='bbox 504 3640 598 3708; x_wconf 73' lang='lat' dir='ltr'><strong>spata</strong></span> <span class='ocrx_word' id='word_1_346' title='bbox 610 3640 700 3709; x_wconf 76' lang='lat' dir='ltr'><strong>negat</strong></span> <span class='ocrx_word' id='word_1_347' title='bbox 752 3606 1078 3746; x_wconf 25' lang='lat' dir='ltr'><strong>ffiffltlflssssffigffiffi</strong></span> <span class='ocrx_word' id='word_1_348' title='bbox 1098 3607 1233 3733; x_wconf 54' lang='lat' dir='ltr'><strong>{ffzffi</strong></span> <span class='ocrx_word' id='word_1_349' title='bbox 1253 3607 1312 3733; x_wconf 52' lang='lat' dir='ltr'><strong>ili?</strong></span> 
     </span>
    </p>
   </div>
   <div class='ocr_carea' id='block_1_6' title="bbox 142 3707 890 3817">
    <p class='ocr_par' dir='ltr' id='par_1_11' title="bbox 142 3707 890 3817">
     <span class='ocr_line' id='line_1_41' title="bbox 142 3707 890 3817; baseline 0.025 -59"><span class='ocrx_word' id='word_1_350' title='bbox 142 3727 188 3764; x_wconf 81' lang='lat' dir='ltr'><strong>am</strong></span> <span class='ocrx_word' id='word_1_351' title='bbox 211 3707 397 3763; x_wconf 85' lang='lat' dir='ltr'><strong>Niederrhein</strong></span> <span class='ocrx_word' id='word_1_352' title='bbox 415 3709 471 3763; x_wconf 88' lang='lat' dir='ltr'><strong>und</strong></span> <span class='ocrx_word' id='word_1_353' title='bbox 495 3710 534 3763; x_wconf 91' lang='lat' dir='ltr'><strong>im</strong></span> <span class='ocrx_word' id='word_1_354' title='bbox 558 3709 643 3766; x_wconf 83' lang='lat' dir='ltr'><strong>labra</strong></span> <span class='ocrx_word' id='word_1_355' title='bbox 665 3718 698 3766; x_wconf 88' lang='lat'><strong>39</strong></span> <span class='ocrx_word' id='word_1_356' title='bbox 752 3747 890 3817; x_wconf 43' lang='lat' dir='ltr'><strong>pffichpet·</strong></span> 
     </span>
    </p>
   </div>
   <div class='ocr_carea' id='block_1_7' title="bbox 140 3779 1313 3921">
    <p class='ocr_par' dir='ltr' id='par_1_12' title="bbox 140 3779 1313 3921">
     <span class='ocr_line' id='line_1_42' title="bbox 140 3779 1313 3921; baseline -0.014 -24"><span class='ocrx_word' id='word_1_357' title='bbox 140 3779 389 3921; x_wconf 52' lang='lat' dir='ltr'><strong>Khngubefionm</strong></span> <span class='ocrx_word' id='word_1_358' title='bbox 437 3850 499 3906; x_wconf 69' lang='lat' dir='ltr'><strong>von</strong></span> <span class='ocrx_word' id='word_1_359' title='bbox 533 3858 567 3906; x_wconf 74' lang='lat'><strong>20</strong></span> <span class='ocrx_word' id='word_1_360' title='bbox 595 3853 638 3907; x_wconf 66' lang='lat' dir='ltr'><strong>bi,</strong></span> <span class='ocrx_word' id='word_1_361' title='bbox 665 3860 700 3908; x_wconf 74' lang='lat'><strong>24</strong></span> <span class='ocrx_word' id='word_1_362' title='bbox 769 3833 832 3883; x_wconf 88' lang='lat'><strong>.11.</strong></span> <span class='ocrx_word' id='word_1_363' title='bbox 850 3830 922 3883; x_wconf 85' lang='lat' dir='ltr'><strong>uelut</strong></span> <span class='ocrx_word' id='word_1_364' title='bbox 946 3829 1117 3896; x_wconf 81' lang='lat' dir='ltr'><strong>‘scheinbar,</strong></span> <span class='ocrx_word' id='word_1_365' title='bbox 1140 3827 1313 3898; x_wconf 84' lang='lat' dir='ltr'><strong>angeblich’,</strong></span> 
     </span>
    </p>
   </div>
   <div class='ocr_carea' id='block_1_8' title="bbox 140 3898 1311 3980">
    <p class='ocr_par' dir='ltr' id='par_1_13' title="bbox 140 3898 1311 3980">
     <span class='ocr_line' id='line_1_43' title="bbox 140 3898 1311 3980; baseline -0.003 -23"><span class='ocrx_word' id='word_1_366' title='bbox 140 3940 167 3976; x_wconf 46' lang='lat' dir='ltr'><strong>n,</strong></span> <span class='ocrx_word' id='word_1_367' title='bbox 200 3923 265 3977; x_wconf 60' lang='lat' dir='ltr'><strong>epu.⁸</strong></span> <span class='ocrx_word' id='word_1_368' title='bbox 298 3923 415 3977; x_wconf 53' lang='lat' dir='ltr'>standon</span> <span class='ocrx_word' id='word_1_369' title='bbox 452 3922 520 3977; x_wconf 66' lang='lat' dir='ltr'><strong>,wei</strong></span> <span class='ocrx_word' id='word_1_370' title='bbox 556 3926 596 3978; x_wconf 56' lang='lat' dir='ltr'><strong>Le</strong></span> <span class='ocrx_word' id='word_1_371' title='bbox 619 3924 700 3980; x_wconf 50' lang='lat' dir='ltr'><strong>men</strong></span> <span class='ocrx_word' id='word_1_372' title='bbox 752 3899 783 3953; x_wconf 91' lang='lat' dir='ltr'><strong>in</strong></span> <span class='ocrx_word' id='word_1_373' title='bbox 802 3899 894 3954; x_wconf 88' lang='lat' dir='ltr'><strong>dieser</strong></span> <span class='ocrx_word' id='word_1_374' title='bbox 910 3899 1077 3970; x_wconf 83' lang='lat' dir='ltr'><strong>Bedeutung</strong></span> <span class='ocrx_word' id='word_1_375' title='bbox 1096 3898 1194 3967; x_wconf 89' lang='lat' dir='ltr'><strong>selten,</strong></span> <span class='ocrx_word' id='word_1_376' title='bbox 1213 3898 1267 3954; x_wconf 87' lang='lat' dir='ltr'><strong>wie</strong></span> <span class='ocrx_word' id='word_1_377' title='bbox 1286 3905 1311 3968; x_wconf 77' lang='grc' dir='ltr'><strong>ὁ,</strong></span> 
     </span>
    </p>
   </div>
   <div class='ocr_carea' id='block_1_9' title="bbox 139 3972 1310 4208">
    <p class='ocr_par' dir='ltr' id='par_1_14' title="bbox 139 3972 1310 4208">
     <span class='ocr_line' id='line_1_44' title="bbox 141 3972 1033 4064; baseline -0.009 -17"><span class='ocrx_word' id='word_1_378' title='bbox 141 3995 221 4060; x_wconf 78' lang='lat' dir='ltr'><strong>(stati</strong></span> <span class='ocrx_word' id='word_1_379' title='bbox 235 3994 322 4062; x_wconf 88' lang='lat' dir='ltr'><strong>einer)</strong></span> <span class='ocrx_word' id='word_1_380' title='bbox 337 3992 482 4049; x_wconf 84' lang='lat' dir='ltr'><strong>inAfrika.</strong></span> <span class='ocrx_word' id='word_1_381' title='bbox 494 4026 527 4034; x_wconf 95' lang='lat'><em>-</em></span> <span class='ocrx_word' id='word_1_382' title='bbox 538 4011 699 4064; x_wconf 76' lang='lat' dir='ltr'><strong>prosperum</strong></span> <span class='ocrx_word' id='word_1_383' title='bbox 755 3976 788 4025; x_wconf 77' lang='lat'><strong>1⁰</strong></span> <span class='ocrx_word' id='word_1_384' title='bbox 805 3972 878 4026; x_wconf 58' lang='lat' dir='ltr'><strong>”elul</strong></span> <span class='ocrx_word' id='word_1_385' title='bbox 895 3972 1033 4064; x_wconf 55' lang='lat' dir='ltr'><strong>adimit&amp;</strong></span> 
     </span>
     <span class='ocr_line' id='line_1_45' title="bbox 139 4050 1310 4135; baseline -0.007 -24"><span class='ocrx_word' id='word_1_386' title='bbox 139 4080 262 4132; x_wconf 62' lang='lat' dir='ltr'><strong>puppam</strong></span> <span class='ocrx_word' id='word_1_387' title='bbox 279 4065 357 4132; x_wconf 58' lang='lat' dir='ltr'><strong>facit,</strong></span> <span class='ocrx_word' id='word_1_388' title='bbox 375 4064 431 4132; x_wconf 68' lang='lat' dir='ltr'>ng</span> <span class='ocrx_word' id='word_1_389' title='bbox 446 4064 506 4120; x_wconf 54' lang='lat' dir='ltr'><strong>Lis,</strong></span> <span class='ocrx_word' id='word_1_390' title='bbox 526 4072 569 4133; x_wconf 56' lang='lat'><strong>27,</strong></span> <span class='ocrx_word' id='word_1_391' title='bbox 584 4072 627 4135; x_wconf 58' lang='lat'><strong>33,</strong></span> <span class='ocrx_word' id='word_1_392' title='bbox 642 4072 665 4123; x_wconf 40' lang='lat'><strong>5,</strong></span> <span class='ocrx_word' id='word_1_393' title='bbox 790 4056 832 4104; x_wconf 76' lang='lat'><strong>12.</strong></span> <span class='ocrx_word' id='word_1_394' title='bbox 854 4054 998 4106; x_wconf 75' lang='lat' dir='ltr'><strong>transtulit</strong></span> <span class='ocrx_word' id='word_1_395' title='bbox 1017 4052 1063 4131; x_wconf 35' lang='lat' dir='ltr'><strong>‚ud</strong></span> <span class='ocrx_word' id='word_1_396' title='bbox 1085 4050 1215 4133; x_wconf 56' lang='lat' dir='ltr'><strong>consules,</strong></span> <span class='ocrx_word' id='word_1_397' title='bbox 1255 4050 1310 4103; x_wconf 85' lang='lat' dir='ltr'><strong>Da-</strong></span> 
     </span>
     <span class='ocr_line' id='line_1_46' title="bbox 174 4120 1309 4208; baseline -0.007 -26"><span class='ocrx_word' id='word_1_398' title='bbox 174 4134 271 4190; x_wconf 72' lang='grc'><strong>22.1,</strong></span> <span class='ocrx_word' id='word_1_399' title='bbox 313 4136 365 4190; x_wconf 71' lang='lat' dir='ltr'><strong>Die</strong></span> <span class='ocrx_word' id='word_1_400' title='bbox 388 4136 495 4191; x_wconf 68' lang='lat' dir='ltr'><strong>Mutter</strong></span> <span class='ocrx_word' id='word_1_401' title='bbox 518 4137 568 4191; x_wconf 64' lang='lat' dir='ltr'><strong>de„</strong></span> <span class='ocrx_word' id='word_1_402' title='bbox 589 4139 698 4208; x_wconf 53' lang='lat' dir='ltr'><strong>Lem,</strong></span> <span class='ocrx_word' id='word_1_403' title='bbox 754 4120 842 4176; x_wconf 87' lang='lat' dir='ltr'><strong>durch</strong></span> <span class='ocrx_word' id='word_1_404' title='bbox 864 4122 966 4176; x_wconf 88' lang='lat' dir='ltr'><strong>kamsn</strong></span> <span class='ocrx_word' id='word_1_405' title='bbox 995 4122 1041 4175; x_wconf 85' lang='lat' dir='ltr'><strong>dre</strong></span> <span class='ocrx_word' id='word_1_406' title='bbox 1064 4120 1185 4176; x_wconf 83' lang='lat' dir='ltr'><strong>Shlaven</strong></span> <span class='ocrx_word' id='word_1_407' title='bbox 1207 4139 1236 4174; x_wconf 92' lang='lat' dir='ltr'><strong>m</strong></span> <span class='ocrx_word' id='word_1_408' title='bbox 1260 4120 1309 4175; x_wconf 88' lang='lat' dir='ltr'><strong>das</strong></span> 
     </span>
    </p>
   </div>
   <div class='ocr_carea' id='block_1_10' title="bbox 137 4190 1310 4347">
    <p class='ocr_par' dir='ltr' id='par_1_15' title="bbox 137 4190 1310 4347">
     <span class='ocr_line' id='line_1_47' title="bbox 139 4190 1310 4274; baseline 0.002 -18"><span class='ocrx_word' id='word_1_409' title='bbox 139 4221 197 4258; x_wconf 87' lang='lat' dir='ltr'><strong>war</strong></span> <span class='ocrx_word' id='word_1_410' title='bbox 213 4205 274 4260; x_wconf 91' lang='lat' dir='ltr'><strong>eine</strong></span> <span class='ocrx_word' id='word_1_411' title='bbox 287 4205 409 4261; x_wconf 86' lang='lat' dir='ltr'><strong>Tochter</strong></span> <span class='ocrx_word' id='word_1_412' title='bbox 422 4208 471 4263; x_wconf 88' lang='lat' dir='ltr'><strong>des</strong></span> <span class='ocrx_word' id='word_1_413' title='bbox 485 4207 604 4263; x_wconf 81' lang='lat' dir='ltr'><strong>Faustus</strong></span> <span class='ocrx_word' id='word_1_414' title='bbox 620 4209 698 4264; x_wconf 87' lang='lat' dir='ltr'><strong>Sulla</strong></span> <span class='ocrx_word' id='word_1_415' title='bbox 753 4192 914 4274; x_wconf 54' lang='lat' dir='ltr'><strong>Sfflliiffl,</strong></span> <span class='ocrx_word' id='word_1_416' title='bbox 935 4191 1088 4273; x_wconf 59' lang='grc' dir='ltr'><strong>6θῆὓὲῐέίὸ</strong></span> <span class='ocrx_word' id='word_1_417' title='bbox 1122 4209 1168 4246; x_wconf 64' lang='lat' dir='ltr'><strong>am</strong></span> <span class='ocrx_word' id='word_1_418' title='bbox 1195 4190 1310 4273; x_wconf 56' lang='grc' dir='ltr'><strong>ΚῆΡῘῒθῙ</strong></span> 
     </span>
     <span class='ocr_line' id='line_1_48' title="bbox 137 4262 1309 4347; baseline -0.008 -23"><span class='ocrx_word' id='word_1_419' title='bbox 137 4273 196 4328; x_wconf 85' lang='lat' dir='ltr'><strong>und</strong></span> <span class='ocrx_word' id='word_1_420' title='bbox 215 4277 264 4329; x_wconf 79' lang='lat' dir='ltr'><strong>der</strong></span> <span class='ocrx_word' id='word_1_421' title='bbox 289 4278 430 4347; x_wconf 60' lang='lat' dir='ltr'><strong>Pompeja,</strong></span> <span class='ocrx_word' id='word_1_422' title='bbox 752 4264 809 4316; x_wconf 88' lang='lat' dir='ltr'><strong>und</strong></span> <span class='ocrx_word' id='word_1_423' title='bbox 822 4262 948 4317; x_wconf 71' lang='lat' dir='ltr'><strong>[libemus</strong></span> <span class='ocrx_word' id='word_1_424' title='bbox 968 4262 1094 4317; x_wconf 85' lang='lat' dir='ltr'><strong>erachren</strong></span> <span class='ocrx_word' id='word_1_425' title='bbox 1113 4263 1309 4331; x_wconf 86' lang='lat' dir='ltr'><strong>unpartansch.</strong></span> 
     </span>
    </p>
   </div>
   <div class='ocr_carea' id='block_1_11' title="bbox 137 4338 1307 4487">
    <p class='ocr_par' dir='ltr' id='par_1_16' title="bbox 137 4338 1307 4487">
     <span class='ocr_line' id='line_1_49' title="bbox 174 4338 1307 4417; baseline 0.002 -18"><span class='ocrx_word' id='word_1_426' title='bbox 174 4351 198 4399; x_wconf 80' lang='lat'><strong>2.</strong></span> <span class='ocrx_word' id='word_1_427' title='bbox 214 4347 333 4412; x_wconf 82' lang='lat' dir='ltr'><strong>defertur</strong></span> <span class='ocrx_word' id='word_1_428' title='bbox 348 4351 525 4406; x_wconf 82' lang='lat' dir='ltr'><strong>simulavisse.</strong></span> <span class='ocrx_word' id='word_1_429' title='bbox 553 4338 629 4407; x_wconf 76' lang='lat' dir='ltr'><strong>Uber</strong></span> <span class='ocrx_word' id='word_1_430' title='bbox 643 4351 696 4406; x_wconf 89' lang='lat' dir='ltr'><strong>den</strong></span> <span class='ocrx_word' id='word_1_431' title='bbox 788 4355 830 4403; x_wconf 84' lang='lat'><strong>14.</strong></span> <span class='ocrx_word' id='word_1_432' title='bbox 848 4351 962 4405; x_wconf 73' lang='lat' dir='ltr'><strong>eximus</strong></span> <span class='ocrx_word' id='word_1_433' title='bbox 976 4350 1028 4405; x_wconf 91' lang='lat' dir='ltr'><strong>mit</strong></span> <span class='ocrx_word' id='word_1_434' title='bbox 1047 4350 1110 4404; x_wconf 92' lang='lat' dir='ltr'><strong>dem</strong></span> <span class='ocrx_word' id='word_1_435' title='bbox 1125 4351 1187 4404; x_wconf 89' lang='lat' dir='ltr'><strong>Dat.</strong></span> <span class='ocrx_word' id='word_1_436' title='bbox 1208 4365 1307 4417; x_wconf 80' lang='lat' dir='ltr'><strong>gerun-</strong></span> 
     </span>
     <span class='ocr_line' id='line_1_50' title="bbox 137 4414 1306 4487; baseline 0 -17"><span class='ocrx_word' id='word_1_437' title='bbox 137 4415 261 4470; x_wconf 84' lang='lat' dir='ltr'><strong>Infinitiv</strong></span> <span class='ocrx_word' id='word_1_438' title='bbox 281 4436 301 4473; x_wconf 92' lang='lat' dir='ltr'><strong>s.</strong></span> <span class='ocrx_word' id='word_1_439' title='bbox 320 4437 355 4473; x_wconf 80' lang='lat' dir='ltr'><strong>zu</strong></span> <span class='ocrx_word' id='word_1_440' title='bbox 373 4425 397 4487; x_wconf 83' lang='lat'><strong>2,</strong></span> <span class='ocrx_word' id='word_1_441' title='bbox 417 4414 459 4476; x_wconf 66' lang='lat' dir='ltr'><strong>hi.</strong></span> <span class='ocrx_word' id='word_1_442' title='bbox 751 4420 810 4474; x_wconf 86' lang='lat' dir='ltr'><strong>divi</strong></span> <span class='ocrx_word' id='word_1_443' title='bbox 828 4420 938 4475; x_wconf 88' lang='lat' dir='ltr'><strong>kommt</strong></span> <span class='ocrx_word' id='word_1_444' title='bbox 955 4438 1007 4473; x_wconf 88' lang='lat' dir='ltr'><strong>nur</strong></span> <span class='ocrx_word' id='word_1_445' title='bbox 1024 4420 1088 4475; x_wconf 84' lang='lat' dir='ltr'><strong>hier</strong></span> <span class='ocrx_word' id='word_1_446' title='bbox 1105 4420 1151 4475; x_wconf 90' lang='lat' dir='ltr'><strong>bei</strong></span> <span class='ocrx_word' id='word_1_447' title='bbox 1165 4418 1229 4472; x_wconf 81' lang='lat' dir='ltr'><strong>Tae.</strong></span> <span class='ocrx_word' id='word_1_448' title='bbox 1249 4431 1306 4472; x_wconf 90' lang='lat' dir='ltr'><strong>vor.</strong></span> 
     </span>
    </p>
   </div>
   <div class='ocr_carea' id='block_1_12' title="bbox 0 0 1550 4834">
    <p class='ocr_par' dir='ltr' id='par_1_17' title="bbox 0 0 1550 4834">
     <span class='ocr_line' id='line_1_51' title="bbox 0 0 1550 4834; baseline 0 7"><span class='ocrx_word' id='word_1_449' title='bbox 0 0 1550 4834; x_wconf 95' lang='lat' dir='ltr'><strong> </strong></span> 
     </span>
    </p>
   </div>
  </div>
 </body>
</html>
