3092 4834
546 262 653 317 LIBER
671 264 692 318 L
729 263 807 319 CAP.
827 269 940 318 58-59.
1289 260 1330 328 81

148 448 281 511 precor:
318 425 419 491 filiam
451 427 641 492 necessitate
673 426 738 494 huc
774 427 944 491 adductam
979 426 1092 491 fateor.
1144 430 1237 491 tunm
1269 426 1332 491 erit

157 514 353 599 consultare,
385 520 495 580 utrum
523 516 718 601 praevaleat,
749 516 837 599 quod
869 537 907 580 ex
936 513 1084 580 Arminio
1112 517 1259 600 concepit
1289 538 1332 580 an

149 605 241 689 quod
273 626 313 668 ex
344 627 396 669 me
427 606 538 691 genita
570 604 639 669 est?
696 603 813 669 Caesar
845 604 995 671 clementi
1026 625 1182 688 responso
1218 603 1329 669 liberis
1343 633 1372 672 ro

154 694 408 778 propinquisque
441 695 510 759 eius
538 693 807 776 incolumitatem,
838 694 902 777 ipsi
930 694 1037 758 sedem
1060 696 1168 758 vetere
1195 694 1230 757 in
1256 715 1330 777 pro-

151 783 259 847 vincia
292 783 472 867 pollicetur.
528 784 705 848 exercitum
741 783 871 847 reduxit
907 804 1088 866 nomenque
1124 781 1330 867 imperatoris

148 875 283 937 auctore
315 870 445 936 Tiberio
478 873 609 956 accepit.
659 871 800 938 Arminii
831 893 913 935 uxor
939 872 1044 936 uirilis
1072 893 1167 936 sexus
1195 873 1330 955 stirpem

149 960 267 1025 edidit:
290 960 444 1026 educatus
467 961 638 1026 Ravennae
661 983 743 1046 puer
771 983 836 1045 quo
860 982 936 1026 mox
958 959 1101 1025 ludibrio
1124 960 1330 1025 conflictatus

149 1049 204 1132 sir,
227 1050 261 1113 iu
284 1054 430 1136 tempore
453 1050 647 1116 memorabo.
1343 1077 1369 1117 as

241 1137 340 1203 Fama
363 1139 462 1204 dediti
485 1140 688 1225 benigneque
712 1139 840 1223 excepti
863 1136 1005 1224 Segestis
1029 1137 1170 1224 vulgata,
1199 1142 1236 1204 ut
1260 1139 1382 1222 qui-59

152 1227 277 1310 busque
309 1227 431 1293 bellum
462 1228 572 1293 invitis
606 1233 662 1293 aut
693 1228 898 1313 cupientibus
931 1231 1013 1310 erat,
1045 1249 1101 1311 spe
1134 1229 1186 1292 vel
1217 1227 1328 1292 dolore

149 1318 320 1401 accipitur.
370 1316 553 1383 Arminium
588 1340 686 1402 super
721 1318 853 1381 insitam
889 1316 1078 1381 violentiam
1114 1321 1207 1400 rapta
1238 1338 1328 1398 uxor,

149 1406 316 1472 subiectus
340 1407 471 1472 servitio
498 1408 610 1471 uxoris
632 1411 744 1472 uterus
766 1405 956 1471 vaecordem
978 1406 1128 1491 agebant,
1158 1406 1329 1470 volitabat-

149 1516 215 1578 que
248 1516 304 1579 per
336 1494 529 1581 Cheruscos,
566 1519 654 1561 arma
690 1497 726 1561 in
759 1494 939 1581 Segestem,
971 1518 1059 1559 arma
1091 1496 1125 1558 in
1159 1493 1327 1560 Caesarem
1356 1522 1369 1562 s

150 1604 296 1667 poscens.
333 1607 437 1669 neque
454 1585 582 1671 probris
600 1585 815 1670 temperabat:
838 1584 1003 1670 egregium
1022 1587 1155 1668 patrem,
1173 1607 1328 1669 magnum
1366 1652 1371 1657 ,

150 1673 394 1758 imperatorem,
430 1675 547 1739 fortem
585 1675 774 1756 exercitum,
815 1695 954 1758 quorum
991 1676 1041 1737 tot
1079 1695 1193 1737 manus
1229 1696 1327 1738 unam

153 1762 376 1827 mulierculam
398 1766 573 1829 evexerint.
617 1765 679 1829 sibi
697 1768 764 1827 tres
783 1763 937 1849 legiones,
956 1761 1093 1827 totidem
1111 1761 1237 1848 legatos
1256 1784 1328 1847 pro-

149 1849 315 1936 cubuisse3
350 1874 418 1917 nou
450 1854 536 1917 enim
569 1875 603 1918 se
639 1852 824 1938 proditione
861 1873 965 1936 neque
1001 1852 1154 1915 adversus
1191 1851 1327 1916 feminas

150 1939 315 2023 gravidas,
343 1943 399 2006 sed
426 1942 533 2026 palam
557 1942 708 2007 adversus
737 1946 877 2006 armatos
901 1941 1022 2005 bellum
1045 1944 1191 2005 tractare.
1238 1942 1327 2024 cerni
1342 1968 1369 2007 ro

148 2027 259 2095 adhuc
287 2027 518 2097 Germanorum
545 2033 581 2095 in
606 2032 689 2097 lucis
718 2032 811 2117 signa
838 2029 998 2113 Romana,
1030 2051 1112 2113 quae
1140 2030 1189 2094 dis
1213 2029 1328 2114 patriis

149 2118 364 2202 suspenderit.
424 2122 544 2185 coleret
582 2120 731 2207 Segestes
766 2121 888 2184 uictam
919 2120 1039 2202 ripam,
1075 2119 1223 2184 redderet
1258 2120 1327 2184 filio

148 2207 366 2271 sacerdotium
393 2209 577 2273 hominum:
606 2208 781 2273 Germanos
804 2230 981 2291 numquam
1009 2209 1088 2271 satis
1111 2213 1328 2293 excusaturos,

148 2296 239 2378 quod
275 2298 360 2361 inter
391 2296 503 2362 Albim
539 2301 572 2362 et
604 2297 754 2362 Rhenum
786 2297 895 2380 virgas
928 2300 960 2360 et
992 2319 1117 2362 secures
1150 2301 1183 2361 et
1215 2302 1327 2384 togam

149 2385 299 2450 viderint.
346 2385 418 2450 aliis
450 2385 603 2473 gentibus
634 2386 819 2473 ignorantia
845 2386 962 2468 imperi
989 2384 1127 2449 Romani
1159 2388 1326 2471 inexperta
1341 2413 1367 2453 a

148 2494 221 2537 esse
244 2475 417 2559 supplicia,
444 2477 553 2541 nescia
580 2475 718 2560 tributa3
746 2496 828 2559 quae
851 2475 1004 2557 quoniam
1028 2474 1175 2538 exuerint
1197 2476 1328 2541 inritus·

148 2584 215 2645 que
247 2563 429 2629 discesserit
460 2566 516 2630 ille
548 2567 633 2630 inter
663 2565 798 2629 numina
830 2564 955 2627 dicatus
982 2563 1164 2649 Augustus,
1194 2563 1247 2628 ille
1275 2565 1328 2629 de·

149 2652 254 2716 lectus
283 2652 444 2739 Tiberius,
477 2678 518 2719 ue
549 2655 723 2738 inperitum
751 2651 1041 2736 adulescentulum,
1070 2673 1110 2716 ne
1138 2653 1326 2718 seditiosum

152 2742 329 2805 exercitum
362 2748 576 2828 pavescerent.
622 2744 649 2808 si
681 2742 819 2828 patriam
847 2745 996 2826 parentes
1029 2742 1163 2825 antiqua
1192 2740 1326 2807 mallent

147 2850 249 2912 quam
272 2830 420 2896 dominos
444 2835 476 2897 et
499 2833 642 2897 colonias
664 2853 773 2917 novas,
803 2829 988 2895 Arminium
1011 2833 1120 2914 potius
1143 2830 1266 2916 gloriae
1289 2854 1326 2897 ac
1340 2860 1369 2900 ao

150 2917 309 2983 libertatis
337 2941 434 3003 quam
462 2920 627 3007 Segestem
653 2920 835 3007 flagitiosae
868 2920 1034 2984 servitutis
1067 2920 1181 2985 ducem
1214 2923 1324 3005 seque-

145 3011 268 3071 rentur.

186 3171 229 3219 19.
260 3172 367 3235 utrum,
394 3165 456 3221 hier
482 3169 555 3223 noch
578 3168 620 3224 als
644 3168 710 3221 Pro·
764 3165 881 3220 Ablativ
895 3165 969 3220 ohne
982 3166 1169 3236 Praposition,
1184 3166 1237 3220 wie
1252 3184 1275 3222 c.
1291 3174 1324 3222 68

144 3252 251 3291 nomen
270 3237 449 3307 empfunden.
763 3241 880 3293 clamore
898 3245 924 3292 et
936 3239 1041 3306 impetu
1053 3239 1325 3307 circumfunduntur,

186 3313 229 3361 21.
258 3315 341 3364 uetere
367 3312 400 3363 iu
423 3327 510 3379 prou,
538 3326 585 3364 am
612 3308 710 3364 linlren
764 3315 791 3377 4,
801 3315 834 3364 51
849 3311 965 3364 caterua
977 3311 1155 3377 downeutca
1169 3309 1234 3364 hist.
1250 3316 1275 3378 2,
1290 3318 1324 3364 42

148 3378 312 3433 Rheinufer.
345 3380 395 3433 Ala
413 3396 485 3435 neue
502 3381 620 3435 Provinz
639 3380 709 3434 wird
763 3383 879 3437 roureio
897 3388 923 3435 ct
939 3382 1033 3435 amaia
1048 3383 1252 3438 concurrebant.

146 3449 202 3527 das
226 3449 315 3528 durch
338 3450 384 3502 die
402 3450 622 3506 Varusschlacht
644 3451 710 3506 frei·
801 3458 825 3505 6.
845 3454 990 3523 eprepr'ura,
1009 3471 1031 3506 s.
1051 3470 1085 3504 zu
1104 3469 1126 3506 c.
1147 3459 1190 3517 42,
1210 3459 1252 3507 18.

147 3518 210 3571 lrch
228 3519 332 3572 wreder
354 3518 509 3588 verlorene,
536 3523 604 3576 aber
630 3522 710 3577 nicht
800 3528 825 3579 8.
853 3523 907 3579 sibi
927 3555 960 3562 -
974 3525 1167 3592 procubuisse,
1185 3524 1239 3577 wie
1257 3522 1323 3578 hist.

147 3588 301 3660 endgiiltig
324 3590 518 3661 ausgegebene
536 3592 638 3647 Gcbiet
662 3593 713 3647 auf
764 3601 844 3659 4,17
867 3595 967 3663 quibus
984 3596 1100 3665 lepioues
1117 3596 1323 3665 procubueriut.

145 3661 215 3715 dem
240 3662 363 3715 anderen
386 3662 455 3716 Ufer
476 3663 607 3733 gedacht.
645 3663 708 3732 Vgl.
764 3654 840 3720 liber
867 3667 921 3720 den
954 3664 1001 3719 bei
1033 3665 1149 3719 Tacitus
1180 3665 1324 3721 beliebten

146 3750 172 3787 c.
192 3738 226 3786 59
246 3733 345 3788 uictum
362 3735 462 3803 ripam.
764 3737 883 3791 Datirus
901 3736 1041 3791 commodi
1059 3755 1080 3791 s.
1099 3736 1172 3791 Einl.
1192 3744 1207 3804 §
1227 3743 1269 3792 30.

186 3810 228 3859 24.
261 3805 390 3861 ludibrio.
428 3805 496 3860 Was
524 3804 639 3860 Tacitus
668 3806 709 3860 als
801 3814 842 3863 10.
872 3810 970 3864 bellum
992 3815 1124 3876 tractore,
1148 3809 1220 3863 auch
1240 3814 1268 3877 6,
1289 3816 1323 3862 44

147 3872 309 3945 Erklarung
344 3876 512 3947 verspricht,
548 3876 588 3931 ist
619 3877 709 3931 wahr·
763 3879 905 3934 unddfter
919 3880 1002 3950 (nach
1016 3879 1219 3950 Analogievon
1235 3898 1324 3948 arma,

148 3944 305 4001 scheinlich
323 3948 376 4001 mit
394 3947 487 4003 ciuem
508 3949 559 4003 der
577 3952 709 4019 spateren
763 3953 817 4006 tota
836 3954 971 4021 tractore).
991 3982 1025 3990 —
1044 3952 1126 4019 cerui,
1146 3970 1167 4005 s.
1185 3957 1212 4018 4,
1233 3957 1255 4005 7.

146 4015 258 4071 Bucher
275 4018 403 4074 verloren
420 4037 576 4091 gegangen.
799 4027 840 4077 111.
879 4024 1074 4088 sacedotium,
1110 4040 1132 4077 s.
1165 4040 1188 4077 c.
1221 4028 1264 4077 57.
1289 4055 1323 4094 ··.›

184 4088 233 4143 19.
267 4096 301 4150 1.,
323 4098 354 4146 ut
386 4094 535 4161 quibusque
567 4094 619 4147 cet.
653 4091 706 4147 wie
759 4095 900 4151 homiuum
917 4094 936 4147 i.
952 4109 975 4146 e.
992 4093 1119 4149 Gomorra
1136 4095 1215 4148 oclA
1257 4097 1323 4161 rati,

147 4157 255 4226 Agr.18
265 4163 364 4229 quobus
375 4164 472 4217 bellum
481 4165 631 4219 voteutrbus
638 4171 706 4232 erat,
760 4164 941 4231 verachtlich,
957 4164 994 4217 da
1011 4163 1056 4217 die
1067 4163 1224 4219 Germanen
1260 4165 1322 4221 eine

148 4228 263 4313 hi⁹t23⁸
282 4238 329 4301 43,
354 4222 420 4288 Sall.
439 4234 503 4317 lug.
523 4239 571 4304 84,
591 4241 620 4295 33
646 4241 705 4303 100,
760 4236 913 4289 Menschen
931 4237 1099 4304 vergbttern.

147 4301 251 4366 4,L1v.
271 4309 317 4371 21,
337 4310 384 4372 50,
404 4305 573 4373 Grbarsmns,
593 4324 614 4360 s.
632 4305 705 4360 Einl.
798 4313 840 4360 16.
859 4309 966 4362 marca
1000 4304 1144 4375 assivisch,
1161 4307 1214 4361 wie
1231 4314 1323 4374 16,14

145 4377 163 4436 ξ
179 4376 220 4426 29.
761 4379 821 4431 und
827 4379 914 4432 achon
924 4324 1102 4445 beiBlautus,
1113 4378 1173 4434 a.B.
1182 4378 1323 4433 Rudatb.

184 4449 209 4496 2.
241 4461 288 4513 ape
310 4448 351 4502 uel
375 4448 479 4516 dolore,
506 4446 554 4502 eiu
580 4447 708 4502 modaler
762 4448 873 4503 Ebenso
888 4465 993 4520 puarue
1005 4448 1065 4501 und
1078 4451 1205 4521 iuturus,
1219 4467 1240 4502 s.
1256 4466 1279 4501 c.
1294 4456 1322 4501 ὁ,

201 4543 254 4583 Teo.
264 4544 347 4585 Annsl.
360 4547 380 4587 1.
394 4548 413 4587 1.
423 4545 486 4587 Auss.
1092 4544 1108 4591 6
