3092 4834
212 274 275 338 182
354 274 384 330 Ρ.
404 272 575 329 CORNELII
593 272 711 329 TAClTI
729 274 778 327 AB
797 272 958 328 Excusso
977 272 1056 327 DIVI
1074 271 1232 328 AUGUSTI

158 440 200 503 36
299 436 385 501 Exin
413 441 616 522 promptum,
644 437 729 520 quod
756 437 930 501 multorum
955 436 1078 500 intimis
1103 436 1271 520 questibus
1294 440 1382 520 tege-

211 526 315 590 batur.
360 525 531 590 incedebat
557 527 643 590 enim
667 525 839 590 deterrimo
863 526 975 609 cuique
1000 524 1132 589 licentia
1155 525 1286 608 impune
1310 547 1382 610 pro-

209 616 268 677 bra
291 616 324 677 et
345 613 500 678 invidiam
525 614 557 679 in
583 615 684 679 bonos
713 613 874 678 excitandi
898 618 1029 696 arrepta
1053 612 1195 696 imagine
1220 610 1381 698 Caesaris3

209 701 383 785 libertique
406 702 504 767 etiam
529 724 565 767 ac
590 703 675 767 servi
693 706 832 787 patrono
857 702 907 766 vel
931 702 1061 767 domino
1085 723 1158 766 cum
1182 723 1286 785 voees,
1310 723 1382 766 cum

174 811 324 855 amanus
352 791 566 873 intentarent,
593 792 679 856 ultro
707 790 945 855 metuebantur.
995 791 1095 874 igitur
1119 788 1154 854 C.
1178 787 1306 855 Cestius
1335 811 1382 855 se·

208 882 303 943 nator
340 879 490 944 disseruit
527 879 688 964 principes
725 879 855 963 quidem
891 880 996 943 instar
1034 879 1166 943 deorum
1203 900 1289 957 esse,
1326 879 1382 944 sed

208 988 313 1052 neque
337 990 356 1031 a
380 969 429 1032 dis
452 968 517 1032 nisi
538 969 642 1033 iustas
666 967 849 1053 supplicum
874 989 984 1051 preces
1008 967 1123 1052 audiri,
1145 989 1251 1052 neque
1275 989 1383 1052 quem·

208 1077 304 1140 quam
340 1057 375 1120 in
406 1054 603 1139 Capitolium
640 1058 745 1122 aliave
780 1056 870 1122 urbia
902 1056 1026 1139 templa
1057 1056 1240 1140 perfugere,
1273 1061 1310 1120 ut
1342 1078 1379 1121 eo

209 1145 353 1209 subsidio
382 1145 422 1209 ad
450 1145 574 1230 flagitia
596 1148 715 1210 utatur.
761 1144 901 1210 abolitas
925 1145 1014 1226 leges
1038 1152 1071 1208 et
1092 1144 1237 1209 funditus
1261 1166 1381 1228 versas,

155 1251 188 1299 10
208 1233 263 1297 ubi
291 1233 325 1297 in
348 1233 434 1317 foro,
457 1233 490 1297 in
514 1233 625 1299 limine
649 1234 756 1299 curiae
782 1234 822 1298 ab
848 1234 954 1298 Annia
977 1233 1111 1313 Rufilla,
1136 1254 1232 1316 quam
1256 1233 1380 1298 fraudis

207 1321 267 1385 sub
304 1321 407 1386 iudice
441 1322 673 1405 damnavisset,
705 1322 826 1407 probra
863 1323 925 1386 sibi
958 1326 991 1385 et
1023 1322 1129 1386 minae
1163 1322 1381 1404 intendantur,

206 1430 309 1493 neque
334 1410 403 1494 ipse
423 1411 540 1475 audeat
561 1411 611 1476 ias
631 1412 769 1493 experiri
794 1410 834 1475 ob
859 1410 1002 1494 effigiem
1020 1407 1232 1492 'imperatoris
1253 1411 1381 1492 opposi-

205 1500 285 1561 tam.
332 1498 419 1562 haud
447 1499 617 1563 dissimilia
645 1498 702 1563 alii
729 1503 762 1562 et
790 1498 921 1582 qnidam
950 1499 1113 1563 atrociora
1139 1499 1381 1581 circumstrepe-

207 1587 296 1667 bant,
319 1588 598 1670 precabanturque
623 1587 765 1651 Drusum
790 1587 882 1650 daret
904 1585 1040 1651 ultionis
1064 1587 1257 1669 exemplum,
1281 1588 1383 1652 donec

157 1692 189 1739 15
209 1675 345 1739 accitam
369 1676 614 1758 convictamque
638 1676 769 1740 attineri
792 1675 924 1758 publica
947 1675 1094 1740 custodia
1117 1675 1222 1739 iussit.

156 1766 196 1828 37
297 1763 342 1827 Et
367 1762 540 1828 Considius
564 1766 696 1847 Aequus
725 1767 758 1827 et
782 1761 910 1828 Caelius
934 1761 1054 1828 Cursor
1084 1763 1209 1848 equites
1233 1763 1382 1846 Romani,

208 1851 293 1934 quod
325 1852 410 1915 fictis
441 1851 620 1916 maiestatis
650 1852 840 1916 criminibus
867 1851 1013 1936 Magium
1043 1849 1260 1916 Caecilianum
1290 1873 1382 1934 prae-

208 1943 313 2004 torem
336 1939 542 2021 petivissent,
565 1944 696 2005 auotore
720 1940 867 2024 principe
895 1962 931 2004 55
958 1940 1085 2004 decreto
1114 1935 1245 2004 senatus
1268 1940 1383 2024 puniti.

207 2031 378 2111 utrumque
406 2029 441 2091 in
468 2028 596 2092 laudem
621 2029 719 2093 Drusi
747 2029 953 2112 trahebatur3
983 2029 1023 2092 ab
1053 2050 1090 2092 eo
1119 2029 1153 2092 in
1181 2029 1275 2112 urbe,
1298 2029 1384 2093 inter
1457 2082 1459 2089 .

173 2135 188 2179 5
209 2118 319 2180 coetus
348 2119 381 2179 et
410 2138 574 2182 sermones
597 2117 766 2182 bominum
791 2118 997 2201 obversante,
1021 2122 1146 2181 secreta
1168 2118 1270 2201 patris
1295 2118 1383 2181 miti-

209 2203 289 2287 gari.
334 2225 437 2289 neque
460 2205 555 2270 luxus
578 2207 613 2269 in
636 2207 750 2270 iuvene
779 2207 858 2270 adeo
883 2206 1088 2290 displicebat:
1116 2206 1179 2270 hae
1203 2206 1312 2289 potius
1335 2207 1382 2269 in-

208 2292 363 2377 tenderet,
378 2294 462 2358 diem
484 2294 771 2377 aedificationibus,
789 2299 917 2360 noctem
938 2294 1095 2359 conviviis
1114 2293 1267 2378 traheret,
1286 2315 1383 2378 qaam

207 2451 766 2518 555551515555151555151155,12,17,1
821 2450 950 2505 Numen
975 2452 1075 2521 (imupo
1098 2450 1166 2505 oder
1193 2451 1308 2519 eripies)
1333 2450 1383 2504 des

207 2520 275 2585 fiens
293 2521 325 2574 in
342 2522 447 2575 dolium
465 2523 594 2576 conditur
608 2529 633 2576 et
647 2524 688 2577 ibi
701 2525 767 2577 sini·
823 2519 920 2591 C'asar,
947 2523 1082 2588 welcher,
1111 2538 1159 2575 um
1186 2521 1275 2574 solbat
1301 2521 1382 2574 straf-

207 2596 254 2644 tur
271 2592 441 2659 fermentari,
460 2592 532 2647 Plin.
551 2611 577 2647 n.
597 2594 624 2647 1.
646 2598 688 2660 14,
708 2599 733 2658 1,
751 2600 767 2647 3
821 2592 864 2647 155
884 2592 1077 2661 aasaugehen,
1101 2592 1192 2645 einem
1211 2592 1317 2645 andern
1336 2591 1383 2644 ein

206 2662 272 2715 aitis
284 2664 360 2717 cneci
372 2666 466 2732 pratia
476 2667 550 2717 exire
559 2665 671 2718 sinitur.
692 2651 768 2718 Uber
823 2662 1142 2732 Majestdtsverbrecben
1162 2661 1316 2716 andicbtet.

206 2733 295 2787 sinere
304 2735 421 2803 aliquem
430 2736 766 2803 (51155151)5.552,55,22.
858 2738 882 2787 9.
901 2750 993 2789 ceraue
1011 2737 1084 2788 statt
1097 2749 1201 2790 euersas
1218 2734 1272 2787 wie
1291 2739 1317 2800 2,
1336 2738 1380 2787 42.

207 2803 246 2856 Zu
263 2805 340 2858 baad
358 2806 409 2859 diu
427 2805 461 2857 cf.
476 2805 542 2860 bist.
557 2811 582 2873 3,
594 2813 628 2860 35
642 2808 767 2861 adridere
858 2806 964 2859 11551
979 2806 1078 2872 indice,
1096 2805 1268 2871 51511514,
1284 2810 1319 2858 64
1333 2806 1383 2859 snb

205 2874 282 2928 band
300 2876 351 2928 din
365 2877 499 2943 permisit.
822 2875 1383 2943 5551555555.1,26551(15551515,(1151,34

242 2943 289 2999 16.
310 2950 334 2997 1.
352 2947 703 3014 pronptnm=proiatam
721 2953 767 3002 est.
822 2947 872 3001 aab
898 2947 1120 3015 praeceptoribus
1146 2947 1204 3000 und
1232 2950 1318 3001 sonst.
1349 2976 1382 2986 —

243 3021 268 3070 2.
297 3017 437 3070 incedebat
466 3016 591 3070 ‘schlich
625 3018 684 3070 sich
713 3018 767 3085 ein,
822 3019 955 3072 damnare
975 3017 1037 3071 ‘die
1056 3017 1256 3087 Verurtoilung
1274 3018 1382 3071 herbei-

207 3083 376 3139 verbrcitete
399 3085 487 3153 sich',
510 3087 564 3140 wie
590 3103 632 3155 cp.
652 3093 686 3141 26
710 3105 767 3142 am·
822 3087 933 3141 fdhren’
946 3087 1149 3156 alsAnlrliger.
1173 3087 1382 3143 Ebensoschon

207 3155 275 3208 bitin
293 3161 318 3209 et
335 3156 377 3209 vie
395 3157 546 3224 incedebat,
571 3165 601 3225 2,
621 3162 654 3211 55
673 3176 768 3213 ramur
822 3159 868 3213 bei
886 3157 1015 3227 Plautus,
1042 3158 1162 3213 welcher
1184 3159 1268 3214 nebat
1286 3159 1383 3214 Cicero

206 3226 354 3280 incedebat.
373 3257 407 3266 —
427 3229 570 3283 deterrimo
588 3227 634 3282 ein
648 3227 767 3283 Dativas
821 3230 851 3283 in
866 3228 1030 3298 (1515551155
1045 3228 1129 3283 Sinna
1143 3231 1322 3285 5555555555
1335 3246 1383 3297 ge·
1486 3253 1489 3258 ·

207 3297 347 3351 commodi
368 3297 436 3365 ‘fun
456 3298 522 3352 bei'.
821 3299 949 3354 braucbt.
968 3299 1090 3354 Ahnlich
1101 3301 1245 3369 absolvere,
1254 3303 1381 3355 occidere.

242 3373 267 3421 3.
295 3369 416 3436 imapinc
440 3368 573 3426 Caesaris.
619 3367 676 3424 Der
699 3370 767 3425 Vor-
858 3370 907 3425 at.
924 3378 937 3423 1
953 3371 1010 3425 und
1025 3376 1050 3424 2.
1077 3372 1131 3425 Die
1144 3373 1305 3439 gananuten
1319 3373 1383 3426 Per-

206 3438 297 3506 wand‚
317 3437 377 3494 cais
391 3439 437 3493 ein
451 3430 768 3510 Majest'atsverbreoben
822 3457 908 3496 sonen
926 3440 990 3495 sind
1009 3444 1086 3495 sonst
1104 3442 1276 3496 unbekannt.

206 3510 343 3580 vorliege,
370 3510 473 3565 musste
496 3510 542 3568 (115
566 3512 696 3581 Anlrlage
720 3514 766 3568 be·
858 3519 883 3568 3.
903 3529 943 3581 ac,
962 3531 996 3567 au
1016 3520 1040 3580 1,
1060 3516 1103 3567 55.

207 3581 369 3650 schdnigen.
858 3589 883 3636 4.
904 3585 1013 3638 trabere
1035 3585 1068 3637 in
1087 3585 1195 3638 landem
1213 3584 1381 3653 (‘auslegen‚

243 3656 268 3705 5.
286 3654 465 3720 intentarent,
490 3654 535 3707 ein
554 3654 690 3723 Zeugma,
714 3654 767 3709 wic
823 3654 1005 3723 anrechnen')
1032 3654 1086 3708 wie
1110 3671 1152 3724 cp.
1177 3660 1211 3708 22
1237 3656 1275 3708 551
1297 3656 1383 3709 aneni-

206 3727 236 3790 2,
257 3729 291 3778 29
313 3741 413 3779 manna
431 3742 464 3779 ac
481 3727 618 3795 supplices
637 3742 713 3780 voces
730 3726 769 3780 ad
822 3726 903 3793 tiam,
923 3731 949 3792 4,
969 3731 1003 3778 64
1021 3726 1059 3779 ud
1077 3727 1198 3794 cuipam,
1222 3724 1288 3780 hist.
1307 3731 1333 3794 2,
1348 3730 1382 3778 20

209 3794 351 3849 Tiberium
365 3797 486 3863 tendens,
506 3803 548 3858 12,
562 3801 606 3851 41.
621 3827 653 3837 -
669 3794 768 3850 Dieser
822 3797 854 3849 in
871 3797 1035 3864 nepertiam.

209 3863 769 3936 0551155111111151325151535151
858 3872 882 3921 5.
919 3872 1020 3922 secreta
1051 3867 1112 3921 ‘die
1141 3864 1288 3936 gebeimen
1316 3867 1382 3934 (und

207 3934 259 3987 auf
273 3936 330 3988 und
349 3936 420 3991 wird
442 3939 481 3991 im
500 3938 525 3992 J.
545 3943 580 3990 35
598 3937 713 3992 Κ55551.
733 3968 767 3977 -
821 3938 1065 4007 argwbhniscben)
1093 3936 1272 3994 Gadanlrcn'.
1315 3942 1382 4006 Agr.

206 4006 294 4073 ipitnr
322 4013 366 4062 ctt.
409 4006 663 4077 Zosammenhang:
699 4007 769 4061 War
823 4013 856 4061 22
875 4010 931 4062 und
951 4015 1140 4063 assecretem.

206 4074 768 4154 5511511151151551555155551151151,
859 4080 1151 4146 nordmannicis.
1198 4078 1266 4133 Dals
1294 4094 1324 4133 er
1346 4095 1384 4131 an

207 4144 394 4201 mrlsbrauoht
407 4147 461 4202 (155
471 4150 581 4203 Namen
594 4151 644 4204 der
656 4150 766 4215 Gdtter3
822 4149 1202 4219 Privatbantchergndgen
1211 4151 1288 4219 fand,
1299 4149 1384 4205 sehon

206 4231 264 4268 wer
285 4215 315 4268 in
336 4218 381 4271 die
400 4217 517 4287 Tempel
535 4219 664 4288 fldchtet,
688 4225 720 4274 nt
738 4237 768 4275 eo
823 4220 873 4274 wir
890 4238 943 4274 nur
961 4237 1011 4274 aus
1029 4219 1121 4275 (115551
1141 4220 1237 4276 Stella.
1253 4237 1384 4290 —qnam

207 4285 767 4359 5515515555591115515155,(15155115-
821 4292 861 4344 im
876 4290 959 4345 Sinna
978 4307 1034 4345 von
1052 4309 1134 4361 quarn
1152 4299 1184 4346 nt
1202 4290 1279 4346 steht
1297 4293 1384 4345 achon

206 4354 767 4435 1155511(115151113558111155.1115555
822 4362 869 4416 bei
887 4360 943 4416 Cio.
962 4360 1115 4416 besonders
1134 4364 1207 4417 nach
1223 4365 1326 4431 potina,
1347 4362 1382 4416 of.

207 4424 392 4480 missbraucht
436 4428 487 4481 der
526 4429 581 4484 (155
621 4432 767 4501 (heiligen)
822 4432 938 4502 Madvig
957 4432 992 4485 de
1010 4432 1076 4486 fin³
1093 4451 1120 4502 p.
1141 4439 1292 4488 511-512.
