3092 4834
204 250 268 314 144
344 249 384 304 Ρ.’
396 248 566 304 CORNELII
585 248 705 304 TACITI
722 250 771 303 AB
791 249 951 304 EXGESSU
969 249 1047 304 DIVI
1065 250 1226 304 AUGUSTI

149 413 191 478 75
291 412 336 477 At
359 411 549 499 Agrippina,
572 435 768 497 quamquam
792 415 915 479 defessa
942 414 1032 478 luctu
1056 417 1088 477 et
1112 435 1244 498 corpore
1268 436 1375 501 aegro,

201 503 345 568 omnium
373 507 482 567 tamen
505 524 586 587 quae
609 503 765 567 ultionem
790 507 992 568 morarentur
1014 502 1203 586 intolerans,
1231 504 1375 568 ascendit

201 593 335 657 classem
372 614 445 656 cnm
487 592 647 657 cineribus
684 589 866 657 Germanici
907 597 939 656 et
980 592 1103 674 liberis,
1145 593 1375 657 miserantibus

201 681 338 766 cunctis,
370 681 456 765 quod
488 681 608 746 femina
639 681 810 746 nobilitate
837 681 999 766 princeps,
1032 680 1248 765 pulcherrimo
1278 682 1374 747 modo

174 771 407 836 amatrimonio
441 770 525 835 inter
556 772 738 836 venerantis
771 771 995 857 gratantisque
1027 770 1128 854 aspici
1156 771 1265 853 solita,
1296 775 1375 836 tunc

200 859 308 925 feralis
336 859 488 943 reliquias
516 861 588 925 sinu
615 859 727 943 ferret,
756 861 879 925 incerta
902 860 1049 942 ultionis,
1076 861 1172 923 anxia
1199 860 1247 923 sui
1273 864 1306 924 et
1328 860 1375 925 in-

200 948 286 1013 felici
314 948 511 1014 fecunditate
539 949 687 1013 fortunae
715 950 836 1014 totiens
864 949 1012 1014 obnoxia.
1065 948 1214 1013 Pisonem
1242 950 1374 1013 interim

200 1038 284 1122 apud
304 1036 407 1103 Coum
430 1040 567 1102 insulam
591 1040 723 1103 nuntius
743 1039 931 1123 adsequitur
949 1040 1121 1103 excessisse
1141 1036 1373 1103 Germanicum.

201 1148 264 1212 quo
289 1128 538 1212 intemperanter
561 1131 691 1211 accepto
715 1127 820 1193 caedit
843 1129 1003 1210 victimas,
1026 1127 1094 1191 adit
1118 1127 1247 1210 templa,
1270 1150 1374 1212 neque

160 1242 186 1283 ro
200 1218 270 1301 ipse
297 1217 451 1302 gaudium
478 1216 647 1281 moderans
675 1221 707 1281 et
736 1218 842 1304 magis
865 1217 1075 1282 insolescente
1099 1216 1264 1299 Plancina,
1292 1238 1374 1300 quae

199 1307 323 1371 luctum
347 1306 483 1371 amissae
506 1306 626 1370 sororis
650 1310 720 1370 tum
743 1307 884 1391 primum
907 1307 992 1370 laeto
1015 1308 1104 1369 cultu
1128 1302 1274 1370 mutavit.

147 1396 189 1460 76
289 1394 485 1460 Adfluebant
516 1396 719 1460 centuriones
752 1396 989 1478 monebantque
1021 1400 1170 1479 prompta
1199 1395 1248 1459 illi
1275 1395 1374 1481 legio·

201 1507 278 1549 num
298 1484 416 1549 studia:
439 1488 599 1569 repeteret
616 1486 817 1568 provinciam
835 1507 901 1549 non
919 1486 987 1548 iure
1011 1484 1152 1549 ablatam
1176 1489 1207 1549 et
1230 1505 1373 1549 vacuam.

199 1574 301 1659 igitur
329 1574 404 1658 quid
432 1574 591 1659 agendum
620 1574 817 1638 consultanti
845 1574 887 1638 M.
911 1572 987 1638 Piso
1015 1575 1102 1637 filius
1135 1573 1373 1657 properandum

200 1663 234 1727 in
261 1663 374 1727 urbem
402 1664 565 1727 censebat:
593 1663 677 1727 nihil
704 1662 809 1728 adhuc
836 1662 1030 1747 inexpiabile
1054 1662 1243 1744 admissum,
1270 1684 1374 1746 neque

172 1751 398 1836 ssuspiciones
421 1751 587 1816 inbecillas
611 1755 666 1815 aut
689 1752 798 1816 inania
821 1752 925 1816 famae
947 1750 1209 1835 pertimescenda.
1256 1750 1375 1815 discor-

200 1841 285 1905 diam
313 1862 390 1925 erga
417 1839 639 1905 Germanicum
668 1842 742 1906 odio
770 1842 908 1906 fortasse
935 1840 1080 1927 dignam,
1107 1863 1173 1905 non
1195 1862 1311 1924 poena3
1340 1846 1373 1904 et

199 1929 403 2014 ademptione
431 1930 615 2013 provinciae
643 1931 722 1994 satis
750 1930 872 1994 factum
900 1930 1048 1995 inimicis.
1099 1929 1185 2013 quod
1213 1931 1241 1992 si
1268 1951 1373 2016 regre-

199 2019 341 2102 deretur,
373 2019 550 2084 obsistente
574 2017 685 2084 Sentio
713 2020 808 2089 civile
835 2020 957 2084 bellum
980 2020 1092 2104 incipi,
1120 2040 1179 2083 nec
1202 2019 1372 2083 duraturos

199 2109 233 2172 in
262 2107 410 2191 partibus
435 2108 637 2173 centuriones
664 2109 861 2193 militesque,
891 2109 976 2193 apud
1000 2130 1081 2193 quos
1104 2130 1215 2172 recens
1239 2109 1373 2192 impera-

159 2225 185 2267 ιο
199 2196 278 2261 toris
312 2198 362 2261 sui
389 2198 543 2261 memoria
570 2202 602 2262 et
629 2198 758 2282 penitus
788 2198 907 2262 infixus
931 2199 965 2261 in
989 2197 1139 2262 Caesares
1170 2220 1260 2261 amor
1282 2219 1372 2281 prae-

197 2286 327 2352 valeret.

146 2377 187 2441 77
288 2374 408 2440 Contra
430 2375 594 2440 Domitius
619 2373 722 2460 Celer,
746 2399 786 2441 ex
809 2377 924 2441 intima
947 2377 1016 2441 eius
1039 2375 1193 2458 amicitia,
1222 2374 1372 2439 disseruit

197 2466 353 2530 utendum
381 2469 512 2529 eventu:
539 2465 705 2550 Pisonem,
734 2487 801 2530 non
825 2465 971 2530 Sentium
1000 2463 1112 2529 Suriae
1139 2467 1371 2549 praepositum3

197 2554 274 2621 huic
292 2556 394 2620 fasces
414 2559 446 2619 et
464 2555 514 2618 ius
529 2555 695 2639 praetoris,
713 2554 791 2619 huic
808 2555 953 2641 legiones
972 2554 1072 2618 datas
1110 2554 1136 2616 si
1157 2553 1235 2637 quid
1253 2553 1372 2618 hostile

198 2645 341 2729 ingruat,
378 2666 474 2728 quem
510 2645 627 2708 iustius
659 2666 749 2709 arma
786 2645 1010 2728 oppositurum
1047 2664 1143 2724 quum
1180 2644 1235 2725 qui
1272 2642 1371 2728 legati

171 2734 422 2802 tauctoritatem
459 2736 492 2796 et
526 2734 658 2817 propria
699 2732 851 2798 mandata
887 2733 1066 2817 acceperit?
1125 2732 1371 2815 relinquendum

198 2925 324 2979 erlaubte
343 2943 409 2978 man
428 2926 488 2979 sich
506 2925 610 2979 bereits
633 2924 756 2978 Schritte
812 2931 960 2980 numeratu
998 2932 1129 2979 vetustate
1161 2925 1300 2979 amicitiae
1338 2955 1371 2963 —

197 3015 246 3050 zur
272 2996 517 3066 Beweisfr'ihrung‚
546 2996 591 3049 die
624 3015 658 3049 zu
689 2997 756 3050 weit
811 2998 926 3051 liberum
939 2999 1034 3051 scortis
1044 2998 1191 3051 arbitrium
1202 2997 1227 3049 ei
1236 2998 1371 3065 permisit,

197 3086 326 3194 grngng
353 3141 503 3194 intolerans
517 3139 569 3191 mit
589 3139 652 3192 dem
667 3137 755 3193 Gene-
810 3069 1138 3193 iiilriellliireol’liililiiiill2
1155 3066 1280 3208 gqpnqipg
1308 3084 1372 3196 evilid

197 3211 246 3275 tir,
267 3210 318 3263 πίε
340 3216 363 3278 l,
378 3216 411 3264 31
430 3210 489 3263 und
508 3209 589 3278 diter,
608 3210 679 3264 doch
699 3214 756 3263 erst
811 3210 869 3263 und
888 3212 938 3263 der
957 3213 1030 3264 erste
1045 3210 1131 3263 Dativ
1148 3227 1203 3264 von
1217 3226 1371 3264 corumcmo·

196 3282 227 3335 in
242 3281 296 3336 den
305 3282 442 3351 grtsseren
451 3280 587 3348 Werken3
601 3280 648 3334 bei
660 3281 756 3335 Livius
810 3289 874 3337 ratu
893 3280 1027 3352 abhtngt.

196 3353 305 3419 anre,
314 3359 356 3407 28.
375 3353 610 3408 Ebcnsotoieraaa
620 3371 684 3405 ann.
694 3359 755 3419 4,1.
847 3359 871 3406 5.
900 3355 1001 3408 iconio
1022 3355 1127 3420 famae,
1151 3352 1205 3405 wie
1230 3352 1296 3422 Agr.
1317 3357 1332 3403 6
1354 3354 1370 3404 i.

232 3431 256 3479 4,
280 3426 464 3495 peccamine
482 3426 666 3492 umtrimooiq
692 3423 755 3477 Abl.
811 3425 936 3490 honoris,
962 3442 1025 3477 ann.
1044 3429 1075 3490 4,
1095 3429 1128 3477 59
1152 3441 1227 3477 cauo
1244 3425 1371 3478 rumoris.

196 3514 270 3551 caus.
292 3496 355 3550 ‘auf
366 3495 473 3563 Grund,
489 3496 616 3566 infolge’,
636 3515 657 3549 s.
673 3501 698 3563 8,
713 3501 747 3548 24
846 3502 871 3549 6.
891 3514 955 3566 erpa
971 3495 1165 3565 εξζερςείίίίίίεῐῆ
1180 3513 1201 3549 s.
1218 3494 1291 3548 Einl.
1303 3499 1318 3559 ξ
1328 3499 1371 3548 57.

232 3574 256 3623 t.
275 3570 380 3637 feralia,
398 3568 451 3622 wie
466 3584 488 3622 c.
505 3573 537 3622 31
553 3568 684 3635 tenebrae,
699 3573 754 3634 3,1
846 3573 871 3622 8.
902 3569 934 3620 iu
948 3568 1086 3637 partibus,
1104 3564 1160 3635 vgl.
1181 3571 1207 3633 3,
1226 3571 1259 3619 62
1279 3566 1311 3620 ob
1330 3583 1371 3619 ce-

195 3657 282 3708 uma,
305 3640 352 3694 bei
371 3640 507 3693 Dichtem
532 3640 591 3692 und
610 3638 754 3708 Spltteren.
811 3646 885 3694 tusto
908 3640 938 3692 in
954 3639 1176 3707 portesmude,
1196 3642 1244 3705 13,
1264 3642 1279 3689 2
1303 3654 1372 3705 quoe

196 3743 230 3752 -
245 3713 334 3767 ancia
351 3713 404 3778 sui,
419 3711 471 3764 πίε
488 3716 514 3778 4,
533 3716 576 3776 59,
591 3711 656 3765 hist.
673 3715 697 3778 8,
713 3716 754 3777 88,
812 3712 995 3781 (Aprsppiau)
1028 3710 1144 3764 habetat
1179 3710 1210 3762 in
1241 3709 1372 3778 partibus

196 3800 259 3836 ann.
280 3788 306 3852 4,
325 3789 358 3837 62
375 3785 513 3852 potentiue
531 3784 627 3837 amia.
810 3783 974 3836 Pallantem.
1012 3780 1181 3846 Moesum
1208 3787 1233 3834 ct
1255 3786 1372 3849 partes

231 3860 256 3909 8.
275 3856 398 3910 ccccdcre
418 3853 553 3908 ‘sterben'
575 3857 631 3907 erst
649 3853 690 3906 im
708 3853 756 3907 ail-
809 3870 889 3921 saepe
905 3854 965 3907 aine
979 3853 1143 3921 prorwmicc
1153 3853 1303 3920 possessivo
1322 3858 1373 3905 aut

195 3926 300 3979 bernen
313 3926 421 3980 Latein.
445 3925 498 3979 Die
511 3924 655 3979 Frdheren
668 3923 755 3994 ffigen
809 3927 930 3995 genetivo
935 3925 1007 3994 poni
1015 3939 1073 3977 noo
1084 3925 1153 3977 sutis
1166 3924 1305 3993 cognitum
1318 3939 1372 3976 case

194 3998 253 4052 cita
272 3997 340 4051 oder
358 4015 371 4051 e
389 3999 447 4052 vito
466 3997 558 4050 hinzu.
809 3996 927 4050 oidctm’
948 3992 976 4049 (l.
996 3995 1026 4048 F.
1046 3993 1090 4047 W.
1110 3993 1212 4046 Mulier
1230 3992 1285 4048 Cic.
1307 4010 1370 4062 opp.

233 4067 281 4123 76.
306 4074 330 4121 2.
363 4086 487 4136 emaum,
505 4068 667 4134 unbesetzt‚
686 4066 755 4122 dh.
810 4066 840 4119 P.
860 4066 885 4118 11
908 4067 963 4121 vol.
987 4065 1026 4119 III
1049 4066 1112 4118 adn.
1137 4065 1199 4119 crit.
1228 4084 1255 4135 p.
1275 4064 1371 4131 XVH.)

91 4203 94 4206 ι
195 4139 267 4193 ohne
287 4138 468 4206 Statthalte13
486 4139 543 4208 vgl.
562 4156 597 4191 zu
616 4155 639 4192 c.
659 4144 683 4192 3.
848 4137 896 4192 77.
926 4143 948 4192 l.
975 4140 1099 4192 amicitia
1119 4139 1190 4190 stutt
1208 4137 1299 4203 amici,
1318 4136 1371 4189 wie

231 4215 256 4264 3.
297 4213 465 4266 cmeeultauti
500 4211 539 4264 ist
575 4210 605 4264 in
641 4209 756 4282 freierer
811 4226 834 4263 c.
854 4214 887 4262 27
911 4227 945 4264 cc
969 4210 1070 4264 intima
1093 4210 1211 4263 libonis
1237 4209 1370 4263 amicitia.

196 4280 291 4336 Weise
300 4298 355 4335 von
364 4283 488 4337 censebat
497 4281 650 4352 abhtngig.
678 4280 756 4334 Ahn-
809 4279 899 4334 Dafr'ir
922 4280 971 4333 der
989 4278 1085 4334 Plural
1103 4282 1253 4334 amicitiae:
1278 4284 1303 4345 4,
1322 4283 1371 4344 4ος

195 4351 253 4405 lich
277 4359 323 4420 11,
343 4359 358 4407 3
382 4354 550 4408 coauctam·
572 4370 653 4422 super
678 4354 755 4407 ctae-
811 4357 835 4419 t,
855 4358 879 4406 2.
894 4350 970 4422 vVgl.
990 4351 1063 4405 Einl.
1084 4357 1098 4417 ξ
1119 4357 1142 4404 2.

196 4425 299 4478 latione
317 4424 437 4478 Asiatici
454 4425 521 4490 [lens
543 4424 668 4479 Vitellius
686 4440 754 4478 com·
846 4429 870 4477 t.
896 4425 1021 4492 proprio,
1046 4422 1171 4475 n'amlich
1189 4438 1254 4475 vom
1272 4421 1372 4474 Kaiser
