<?xml version="1.0" encoding="UTF-8"?>
<!DOCTYPE html PUBLIC "-//W3C//DTD XHTML 1.0 Transitional//EN"
    "http://www.w3.org/TR/xhtml1/DTD/xhtml1-transitional.dtd">
<html xmlns="http://www.w3.org/1999/xhtml" xml:lang="en" lang="en">
 <head>
  <title>
</title>
<meta http-equiv="Content-Type" content="text/html;charset=utf-8" />
  <meta name='ocr-system' content='tesseract 3.04.00' />
  <meta name='ocr-capabilities' content='ocr_page ocr_carea ocr_par ocr_line ocrx_word'/>
</head>
<body>
  <div class='ocr_page' id='page_1' title='image "./dieannalendesta00bechgoog_0075.png"; bbox 0 0 3092 4834; ppageno 0'>
   <div class='ocr_carea' id='block_1_1' title="bbox 553 280 1342 345">
    <p class='ocr_par' dir='ltr' id='par_1_1' title="bbox 553 280 1342 345">
     <span class='ocr_line' id='line_1_1' title="bbox 553 280 1342 345; baseline 0 -10"><span class='ocrx_word' id='word_1_1' title='bbox 553 281 662 336; x_wconf 83' lang='lat' dir='ltr'>LIBER</span> <span class='ocrx_word' id='word_1_2' title='bbox 678 282 699 336; x_wconf 90' lang='grc' dir='ltr'>Ι.</span> <span class='ocrx_word' id='word_1_3' title='bbox 737 280 814 336; x_wconf 82' lang='lat' dir='ltr'><strong>GAP.</strong></span> <span class='ocrx_word' id='word_1_4' title='bbox 834 286 948 335; x_wconf 73' lang='lat'><strong>34-36.</strong></span> <span class='ocrx_word' id='word_1_5' title='bbox 1298 280 1342 345; x_wconf 78' lang='lat'>65</span> 
     </span>
    </p>
   </div>
   <div class='ocr_carea' id='block_1_2' title="bbox 153 443 1438 2927">
    <p class='ocr_par' dir='ltr' id='par_1_2' title="bbox 154 443 1438 599">
     <span class='ocr_line' id='line_1_2' title="bbox 154 443 1419 530; baseline 0.001 -21"><span class='ocrx_word' id='word_1_6' title='bbox 154 445 258 509; x_wconf 82' lang='lat' dir='ltr'>fidem</span> <span class='ocrx_word' id='word_1_7' title='bbox 283 443 423 530; x_wconf 71' lang='lat' dir='ltr'>extollit,</span> <span class='ocrx_word' id='word_1_8' title='bbox 446 443 494 508; x_wconf 90' lang='lat' dir='ltr'>nil</span> <span class='ocrx_word' id='word_1_9' title='bbox 516 466 653 528; x_wconf 87' lang='lat' dir='ltr'>usquam</span> <span class='ocrx_word' id='word_1_10' title='bbox 675 443 844 509; x_wconf 91' lang='lat' dir='ltr'>turbidum</span> <span class='ocrx_word' id='word_1_11' title='bbox 866 448 923 508; x_wconf 88' lang='lat' dir='ltr'>aut</span> <span class='ocrx_word' id='word_1_12' title='bbox 945 443 1076 510; x_wconf 75' lang='lat' dir='ltr'><strong>discors.</strong></span> <span class='ocrx_word' id='word_1_13' title='bbox 1109 443 1238 509; x_wconf 89' lang='lat' dir='ltr'>silentio</span> <span class='ocrx_word' id='word_1_14' title='bbox 1261 443 1341 508; x_wconf 88' lang='lat' dir='ltr'>haec</span> <span class='ocrx_word' id='word_1_15' title='bbox 1355 469 1383 511; x_wconf 71' lang='lat'>1⁵</span> <span class='ocrx_word' id='word_1_16' title='bbox 1416 520 1419 527; x_wconf 25' lang='lat'>¹</span> 
     </span>
     <span class='ocr_line' id='line_1_3' title="bbox 159 532 1438 599; baseline -0.002 -1"><span class='ocrx_word' id='word_1_17' title='bbox 159 532 212 598; x_wconf 83' lang='lat' dir='ltr'>vel</span> <span class='ocrx_word' id='word_1_18' title='bbox 234 555 396 599; x_wconf 87' lang='lat' dir='ltr'>murmure</span> <span class='ocrx_word' id='word_1_19' title='bbox 418 533 545 599; x_wconf 90' lang='lat' dir='ltr'>modico</span> <span class='ocrx_word' id='word_1_20' title='bbox 569 532 679 596; x_wconf 89' lang='lat' dir='ltr'>audita</span> <span class='ocrx_word' id='word_1_21' title='bbox 702 537 787 596; x_wconf 84' lang='lat' dir='ltr'>sunt</span> <span class='ocrx_word' id='word_1_22' title='bbox 1375 558 1381 585; x_wconf 75' lang='grc' dir='ltr'>ι</span> <span class='ocrx_word' id='word_1_23' title='bbox 1431 536 1438 547; x_wconf 82' lang='grc'><em>’</em></span> 
     </span>
    </p>

    <p class='ocr_par' dir='ltr' id='par_1_3' title="bbox 153 621 1395 2659">
     <span class='ocr_line' id='line_1_4' title="bbox 249 621 1395 707; baseline -0.002 -19"><span class='ocrx_word' id='word_1_24' title='bbox 249 622 296 688; x_wconf 90' lang='lat' dir='ltr'>Ut</span> <span class='ocrx_word' id='word_1_25' title='bbox 325 621 515 687; x_wconf 78' lang='lat' dir='ltr'>seditionem</span> <span class='ocrx_word' id='word_1_26' title='bbox 543 621 667 707; x_wconf 85' lang='lat' dir='ltr'>attigit,</span> <span class='ocrx_word' id='word_1_27' title='bbox 694 621 751 686; x_wconf 91' lang='lat' dir='ltr'>ubi</span> <span class='ocrx_word' id='word_1_28' title='bbox 773 621 933 687; x_wconf 88' lang='lat' dir='ltr'>modestia</span> <span class='ocrx_word' id='word_1_29' title='bbox 954 621 1119 706; x_wconf 84' lang='lat' dir='ltr'>militaris,</span> <span class='ocrx_word' id='word_1_30' title='bbox 1141 622 1199 686; x_wconf 92' lang='lat' dir='ltr'>ubi</span> <span class='ocrx_word' id='word_1_31' title='bbox 1221 621 1340 686; x_wconf 86' lang='lat' dir='ltr'>veteris</span> <span class='ocrx_word' id='word_1_32' title='bbox 1349 621 1395 688; x_wconf 80' lang='lat'>35</span> 
     </span>
     <span class='ocr_line' id='line_1_5' title="bbox 153 710 1341 797; baseline -0.001 -22"><span class='ocrx_word' id='word_1_33' title='bbox 153 710 349 796; x_wconf 88' lang='lat' dir='ltr'>disciplinae</span> <span class='ocrx_word' id='word_1_34' title='bbox 371 710 477 797; x_wconf 86' lang='lat' dir='ltr'>decus,</span> <span class='ocrx_word' id='word_1_35' title='bbox 499 732 641 795; x_wconf 91' lang='lat' dir='ltr'>quonam</span> <span class='ocrx_word' id='word_1_36' title='bbox 663 710 822 794; x_wconf 90' lang='lat' dir='ltr'>tribunos,</span> <span class='ocrx_word' id='word_1_37' title='bbox 846 732 910 795; x_wconf 87' lang='lat' dir='ltr'>quo</span> <span class='ocrx_word' id='word_1_38' title='bbox 929 712 1131 776; x_wconf 77' lang='lat' dir='ltr'>centuriones</span> <span class='ocrx_word' id='word_1_39' title='bbox 1150 711 1341 796; x_wconf 79' lang='lat' dir='ltr'>exegissent,</span> 
     </span>
     <span class='ocr_line' id='line_1_6' title="bbox 155 798 1340 886; baseline -0.003 -21"><span class='ocrx_word' id='word_1_40' title='bbox 155 799 315 886; x_wconf 88' lang='lat' dir='ltr'>rogitans,</span> <span class='ocrx_word' id='word_1_41' title='bbox 337 800 461 864; x_wconf 90' lang='lat' dir='ltr'>nudant</span> <span class='ocrx_word' id='word_1_42' title='bbox 483 799 626 864; x_wconf 84' lang='lat' dir='ltr'>universi</span> <span class='ocrx_word' id='word_1_43' title='bbox 646 820 791 884; x_wconf 88' lang='lat' dir='ltr'>corpora,</span> <span class='ocrx_word' id='word_1_44' title='bbox 813 800 977 864; x_wconf 77' lang='lat' dir='ltr'>cicatrices</span> <span class='ocrx_word' id='word_1_45' title='bbox 996 821 1034 863; x_wconf 84' lang='lat' dir='ltr'>ex</span> <span class='ocrx_word' id='word_1_46' title='bbox 1053 798 1250 883; x_wconf 81' lang='lat' dir='ltr'>vulneribus,</span> <span class='ocrx_word' id='word_1_47' title='bbox 1272 820 1340 863; x_wconf 81' lang='lat' dir='ltr'>ver·</span> 
     </span>
     <span class='ocr_line' id='line_1_7' title="bbox 158 887 1340 973; baseline -0.001 -19"><span class='ocrx_word' id='word_1_48' title='bbox 158 889 273 954; x_wconf 89' lang='lat' dir='ltr'>berum</span> <span class='ocrx_word' id='word_1_49' title='bbox 295 893 389 953; x_wconf 91' lang='lat' dir='ltr'>notas</span> <span class='ocrx_word' id='word_1_50' title='bbox 413 888 624 973; x_wconf 83' lang='lat' dir='ltr'>exprobraut3</span> <span class='ocrx_word' id='word_1_51' title='bbox 652 910 729 952; x_wconf 84' lang='lat' dir='ltr'>mox</span> <span class='ocrx_word' id='word_1_52' title='bbox 757 887 939 954; x_wconf 84' lang='lat' dir='ltr'>indiscretis</span> <span class='ocrx_word' id='word_1_53' title='bbox 966 887 1101 953; x_wconf 85' lang='lat' dir='ltr'>vocibus</span> <span class='ocrx_word' id='word_1_54' title='bbox 1125 888 1229 972; x_wconf 89' lang='lat' dir='ltr'>pretia</span> <span class='ocrx_word' id='word_1_55' title='bbox 1251 908 1340 953; x_wconf 88' lang='lat' dir='ltr'>vaca·</span> 
     </span>
     <span class='ocr_line' id='line_1_8' title="bbox 153 977 1381 1063; baseline 0.001 -22"><span class='ocrx_word' id='word_1_56' title='bbox 153 979 294 1062; x_wconf 86' lang='lat' dir='ltr'>tionum,</span> <span class='ocrx_word' id='word_1_57' title='bbox 317 978 484 1063; x_wconf 78' lang='lat' dir='ltr'>angustias</span> <span class='ocrx_word' id='word_1_58' title='bbox 508 977 670 1062; x_wconf 90' lang='lat' dir='ltr'>stipendii,</span> <span class='ocrx_word' id='word_1_59' title='bbox 693 977 847 1042; x_wconf 87' lang='lat' dir='ltr'>duritiam</span> <span class='ocrx_word' id='word_1_60' title='bbox 871 999 1005 1061; x_wconf 87' lang='lat' dir='ltr'>operum</span> <span class='ocrx_word' id='word_1_61' title='bbox 1022 998 1060 1041; x_wconf 85' lang='lat' dir='ltr'>ae</span> <span class='ocrx_word' id='word_1_62' title='bbox 1079 977 1219 1061; x_wconf 89' lang='lat' dir='ltr'>propriis</span> <span class='ocrx_word' id='word_1_63' title='bbox 1238 977 1340 1040; x_wconf 93' lang='lat' dir='ltr'>nomi·</span> <span class='ocrx_word' id='word_1_64' title='bbox 1367 1001 1381 1042; x_wconf 79' lang='grc'>1</span> 
     </span>
     <span class='ocr_line' id='line_1_9' title="bbox 158 1064 1340 1151; baseline 0 -21"><span class='ocrx_word' id='word_1_65' title='bbox 158 1066 254 1133; x_wconf 89' lang='lat' dir='ltr'>nibus</span> <span class='ocrx_word' id='word_1_66' title='bbox 272 1068 423 1131; x_wconf 87' lang='lat' dir='ltr'>incusant</span> <span class='ocrx_word' id='word_1_67' title='bbox 441 1065 572 1150; x_wconf 87' lang='lat' dir='ltr'>vallum,</span> <span class='ocrx_word' id='word_1_68' title='bbox 592 1066 705 1151; x_wconf 86' lang='lat' dir='ltr'>fossas,</span> <span class='ocrx_word' id='word_1_69' title='bbox 718 1065 831 1150; x_wconf 89' lang='lat' dir='ltr'>pabuli</span> <span class='ocrx_word' id='word_1_70' title='bbox 842 1065 997 1130; x_wconf 87' lang='lat' dir='ltr'>materiae</span> <span class='ocrx_word' id='word_1_71' title='bbox 1006 1064 1169 1151; x_wconf 88' lang='lat' dir='ltr'>lignorum</span> <span class='ocrx_word' id='word_1_72' title='bbox 1179 1065 1340 1150; x_wconf 89' lang='lat' dir='ltr'>adgestus,</span> 
     </span>
     <span class='ocr_line' id='line_1_10' title="bbox 158 1154 1341 1240; baseline 0 -21"><span class='ocrx_word' id='word_1_73' title='bbox 158 1159 192 1219; x_wconf 94' lang='lat' dir='ltr'>et</span> <span class='ocrx_word' id='word_1_74' title='bbox 224 1156 252 1221; x_wconf 92' lang='lat' dir='ltr'>si</span> <span class='ocrx_word' id='word_1_75' title='bbox 284 1177 348 1240; x_wconf 84' lang='lat' dir='ltr'>quc</span> <span class='ocrx_word' id='word_1_76' title='bbox 377 1154 441 1219; x_wconf 92' lang='lat' dir='ltr'>alia</span> <span class='ocrx_word' id='word_1_77' title='bbox 473 1177 513 1219; x_wconf 85' lang='lat' dir='ltr'>ex</span> <span class='ocrx_word' id='word_1_78' title='bbox 543 1156 736 1220; x_wconf 82' lang='lat' dir='ltr'>necessitate</span> <span class='ocrx_word' id='word_1_79' title='bbox 763 1159 820 1219; x_wconf 89' lang='lat' dir='ltr'>aut</span> <span class='ocrx_word' id='word_1_80' title='bbox 848 1155 1001 1219; x_wconf 84' lang='lat' dir='ltr'>adversus</span> <span class='ocrx_word' id='word_1_81' title='bbox 1029 1156 1132 1219; x_wconf 88' lang='lat' dir='ltr'>otium</span> <span class='ocrx_word' id='word_1_82' title='bbox 1160 1158 1341 1219; x_wconf 87' lang='lat' dir='ltr'>castrorum</span> 
     </span>
     <span class='ocr_line' id='line_1_11' title="bbox 158 1243 1340 1329; baseline -0.001 -20"><span class='ocrx_word' id='word_1_83' title='bbox 158 1248 365 1329; x_wconf 88' lang='lat' dir='ltr'>quaeruntur.</span> <span class='ocrx_word' id='word_1_84' title='bbox 411 1244 642 1309; x_wconf 75' lang='lat' dir='ltr'>atrocissimus</span> <span class='ocrx_word' id='word_1_85' title='bbox 672 1248 897 1309; x_wconf 76' lang='lat' dir='ltr'>veteranorum</span> <span class='ocrx_word' id='word_1_86' title='bbox 927 1243 1049 1309; x_wconf 91' lang='lat' dir='ltr'>clamor</span> <span class='ocrx_word' id='word_1_87' title='bbox 1078 1243 1251 1327; x_wconf 82' lang='lat' dir='ltr'>oriebatur,</span> <span class='ocrx_word' id='word_1_88' title='bbox 1283 1244 1340 1326; x_wconf 91' lang='lat' dir='ltr'>qui</span> 
     </span>
     <span class='ocr_line' id='line_1_12' title="bbox 159 1332 1340 1417; baseline -0.001 -21"><span class='ocrx_word' id='word_1_89' title='bbox 159 1335 282 1399; x_wconf 90' lang='lat' dir='ltr'>tricena</span> <span class='ocrx_word' id='word_1_90' title='bbox 309 1336 366 1398; x_wconf 87' lang='lat' dir='ltr'>aut</span> <span class='ocrx_word' id='word_1_91' title='bbox 394 1355 492 1417; x_wconf 91' lang='lat' dir='ltr'>supra</span> <span class='ocrx_word' id='word_1_92' title='bbox 519 1333 680 1416; x_wconf 89' lang='lat' dir='ltr'>stipendia</span> <span class='ocrx_word' id='word_1_93' title='bbox 705 1336 926 1416; x_wconf 86' lang='lat' dir='ltr'>numerantes,</span> <span class='ocrx_word' id='word_1_94' title='bbox 953 1332 1135 1397; x_wconf 86' lang='lat' dir='ltr'>mederetur</span> <span class='ocrx_word' id='word_1_95' title='bbox 1161 1332 1255 1398; x_wconf 89' lang='lat' dir='ltr'>fessis</span> <span class='ocrx_word' id='word_1_96' title='bbox 1276 1353 1340 1396; x_wconf 89' lang='lat' dir='ltr'>neu</span> 
     </span>
     <span class='ocr_line' id='line_1_13' title="bbox 154 1421 1381 1507; baseline 0.003 -24"><span class='ocrx_word' id='word_1_97' title='bbox 154 1426 298 1487; x_wconf 87' lang='lat' dir='ltr'>:mortem</span> <span class='ocrx_word' id='word_1_98' title='bbox 330 1423 366 1487; x_wconf 89' lang='lat' dir='ltr'>in</span> <span class='ocrx_word' id='word_1_99' title='bbox 394 1421 496 1488; x_wconf 86' lang='lat' dir='ltr'>isdem</span> <span class='ocrx_word' id='word_1_100' title='bbox 522 1421 690 1486; x_wconf 90' lang='lat' dir='ltr'>laboribus</span> <span class='ocrx_word' id='word_1_101' title='bbox 718 1422 849 1507; x_wconf 79' lang='lat' dir='ltr'>obirent,</span> <span class='ocrx_word' id='word_1_102' title='bbox 878 1421 934 1486; x_wconf 89' lang='lat' dir='ltr'>sod</span> <span class='ocrx_word' id='word_1_103' title='bbox 960 1422 1058 1485; x_wconf 90' lang='lat' dir='ltr'>finem</span> <span class='ocrx_word' id='word_1_104' title='bbox 1085 1425 1153 1485; x_wconf 89' lang='lat' dir='ltr'>tam</span> <span class='ocrx_word' id='word_1_105' title='bbox 1181 1422 1339 1486; x_wconf 84' lang='lat' dir='ltr'>exercitae</span> <span class='ocrx_word' id='word_1_106' title='bbox 1353 1448 1381 1487; x_wconf 78' lang='lat' dir='ltr'>re</span> 
     </span>
     <span class='ocr_line' id='line_1_14' title="bbox 159 1509 1339 1595; baseline -0.001 -21"><span class='ocrx_word' id='word_1_107' title='bbox 159 1510 296 1576; x_wconf 89' lang='lat' dir='ltr'>militiae</span> <span class='ocrx_word' id='word_1_108' title='bbox 313 1532 418 1595; x_wconf 90' lang='lat' dir='ltr'>neque</span> <span class='ocrx_word' id='word_1_109' title='bbox 431 1511 564 1595; x_wconf 90' lang='lat' dir='ltr'>inopem</span> <span class='ocrx_word' id='word_1_110' title='bbox 577 1510 722 1595; x_wconf 91' lang='lat' dir='ltr'>requiem</span> <span class='ocrx_word' id='word_1_111' title='bbox 742 1510 887 1575; x_wconf 84' lang='lat' dir='ltr'>orabant.</span> <span class='ocrx_word' id='word_1_112' title='bbox 910 1510 1000 1575; x_wconf 80' lang='lat' dir='ltr'>fuere</span> <span class='ocrx_word' id='word_1_113' title='bbox 1015 1511 1113 1574; x_wconf 88' lang='lat' dir='ltr'>etiam</span> <span class='ocrx_word' id='word_1_114' title='bbox 1127 1509 1184 1593; x_wconf 89' lang='lat' dir='ltr'>qui</span> <span class='ocrx_word' id='word_1_115' title='bbox 1197 1509 1339 1595; x_wconf 82' lang='lat' dir='ltr'>legatam</span> 
     </span>
     <span class='ocr_line' id='line_1_15' title="bbox 155 1596 1340 1685; baseline -0.002 -21"><span class='ocrx_word' id='word_1_116' title='bbox 155 1623 179 1664; x_wconf 86' lang='lat' dir='ltr'>a</span> <span class='ocrx_word' id='word_1_117' title='bbox 201 1599 276 1663; x_wconf 84' lang='lat' dir='ltr'>divo</span> <span class='ocrx_word' id='word_1_118' title='bbox 300 1597 452 1685; x_wconf 85' lang='lat' dir='ltr'>Augusto</span> <span class='ocrx_word' id='word_1_119' title='bbox 475 1600 646 1683; x_wconf 90' lang='lat' dir='ltr'>pecuniam</span> <span class='ocrx_word' id='word_1_120' title='bbox 668 1603 888 1685; x_wconf 87' lang='lat' dir='ltr'>reposcerent,</span> <span class='ocrx_word' id='word_1_121' title='bbox 915 1598 1033 1663; x_wconf 89' lang='lat' dir='ltr'>faustis</span> <span class='ocrx_word' id='word_1_122' title='bbox 1055 1599 1091 1663; x_wconf 90' lang='lat' dir='ltr'>in</span> <span class='ocrx_word' id='word_1_123' title='bbox 1114 1596 1340 1663; x_wconf 75' lang='lat' dir='ltr'>Germanicum</span> 
     </span>
     <span class='ocr_line' id='line_1_16' title="bbox 158 1687 1350 1773; baseline 0 -22"><span class='ocrx_word' id='word_1_124' title='bbox 158 1688 336 1773; x_wconf 84' lang='lat' dir='ltr'>ominibus;</span> <span class='ocrx_word' id='word_1_125' title='bbox 360 1692 392 1752; x_wconf 89' lang='lat' dir='ltr'>et</span> <span class='ocrx_word' id='word_1_126' title='bbox 411 1688 440 1752; x_wconf 90' lang='lat' dir='ltr'>si</span> <span class='ocrx_word' id='word_1_127' title='bbox 458 1687 556 1753; x_wconf 87' lang='lat' dir='ltr'>vellet</span> <span class='ocrx_word' id='word_1_128' title='bbox 574 1688 757 1773; x_wconf 90' lang='lat' dir='ltr'>imperium,</span> <span class='ocrx_word' id='word_1_129' title='bbox 780 1692 950 1773; x_wconf 90' lang='lat' dir='ltr'>promptas</span> <span class='ocrx_word' id='word_1_130' title='bbox 967 1709 1018 1754; x_wconf 79' lang='lat' dir='ltr'>rec</span> <span class='ocrx_word' id='word_1_131' title='bbox 1036 1691 1246 1752; x_wconf 88' lang='lat' dir='ltr'>ostentavere.</span> <span class='ocrx_word' id='word_1_132' title='bbox 1269 1691 1350 1751; x_wconf 51' lang='lat' dir='ltr'>turn¹</span> 
     </span>
     <span class='ocr_line' id='line_1_17' title="bbox 159 1775 1338 1861; baseline -0.001 -21"><span class='ocrx_word' id='word_1_133' title='bbox 159 1777 366 1861; x_wconf 86' lang='lat' dir='ltr'>vero,·quesi</span> <span class='ocrx_word' id='word_1_134' title='bbox 388 1776 508 1842; x_wconf 90' lang='lat' dir='ltr'>scelere</span> <span class='ocrx_word' id='word_1_135' title='bbox 530 1778 819 1860; x_wconf 87' lang='lat' dir='ltr'>contaminaretur,</span> <span class='ocrx_word' id='word_1_136' title='bbox 842 1798 995 1861; x_wconf 87' lang='lat' dir='ltr'>praeceps</span> <span class='ocrx_word' id='word_1_137' title='bbox 1017 1775 1175 1841; x_wconf 88' lang='lat' dir='ltr'>tribunali</span> <span class='ocrx_word' id='word_1_138' title='bbox 1198 1775 1338 1840; x_wconf 88' lang='lat' dir='ltr'>desiluit.</span> 
     </span>
     <span class='ocr_line' id='line_1_18' title="bbox 160 1864 1381 1950; baseline 0.002 -21"><span class='ocrx_word' id='word_1_139' title='bbox 160 1870 382 1949; x_wconf 89' lang='lat' dir='ltr'>opposuerunt</span> <span class='ocrx_word' id='word_1_140' title='bbox 409 1866 541 1930; x_wconf 88' lang='lat' dir='ltr'>abeunti</span> <span class='ocrx_word' id='word_1_141' title='bbox 569 1889 659 1930; x_wconf 83' lang='lat' dir='ltr'>arma</span> <span class='ocrx_word' id='word_1_142' title='bbox 680 1867 883 1949; x_wconf 86' lang='lat' dir='ltr'>minitantes,</span> <span class='ocrx_word' id='word_1_143' title='bbox 906 1866 941 1930; x_wconf 92' lang='lat' dir='ltr'>ni</span> <span class='ocrx_word' id='word_1_144' title='bbox 963 1865 1200 1950; x_wconf 68' lang='lat' dir='ltr'>regrederetur,</span> <span class='ocrx_word' id='word_1_145' title='bbox 1227 1869 1260 1930; x_wconf 90' lang='lat' dir='ltr'>at</span> <span class='ocrx_word' id='word_1_146' title='bbox 1283 1864 1339 1929; x_wconf 90' lang='lat' dir='ltr'>ille</span> <span class='ocrx_word' id='word_1_147' title='bbox 1354 1891 1381 1932; x_wconf 86' lang='grc' dir='ltr'>ι1</span> 
     </span>
     <span class='ocr_line' id='line_1_19' title="bbox 157 1953 1339 2040; baseline -0.001 -22"><span class='ocrx_word' id='word_1_148' title='bbox 157 1955 353 2019; x_wconf 89' lang='lat' dir='ltr'>moriturum</span> <span class='ocrx_word' id='word_1_149' title='bbox 385 1955 495 2039; x_wconf 92' lang='lat' dir='ltr'>potius</span> <span class='ocrx_word' id='word_1_150' title='bbox 528 1978 625 2040; x_wconf 92' lang='lat' dir='ltr'>quam</span> <span class='ocrx_word' id='word_1_151' title='bbox 657 1955 754 2019; x_wconf 88' lang='lat' dir='ltr'>fidem</span> <span class='ocrx_word' id='word_1_152' title='bbox 787 1959 918 2020; x_wconf 83' lang='lat' dir='ltr'>exueret</span> <span class='ocrx_word' id='word_1_153' title='bbox 950 1954 1134 2037; x_wconf 87' lang='lat' dir='ltr'>clamitans,</span> <span class='ocrx_word' id='word_1_154' title='bbox 1166 1953 1288 2018; x_wconf 89' lang='lat' dir='ltr'>ferrum</span> <span class='ocrx_word' id='word_1_155' title='bbox 1320 1977 1339 2017; x_wconf 89' lang='lat' dir='ltr'>a</span> 
     </span>
     <span class='ocr_line' id='line_1_20' title="bbox 158 2041 1340 2128; baseline -0.001 -21"><span class='ocrx_word' id='word_1_156' title='bbox 158 2041 259 2108; x_wconf 88' lang='lat' dir='ltr'>latere</span> <span class='ocrx_word' id='word_1_157' title='bbox 282 2043 418 2127; x_wconf 88' lang='lat' dir='ltr'>diripuit</span> <span class='ocrx_word' id='word_1_158' title='bbox 441 2043 625 2127; x_wconf 88' lang='lat' dir='ltr'>elatumque</span> <span class='ocrx_word' id='word_1_159' title='bbox 648 2044 812 2108; x_wconf 87' lang='lat' dir='ltr'>deferebat</span> <span class='ocrx_word' id='word_1_160' title='bbox 835 2045 870 2108; x_wconf 92' lang='lat' dir='ltr'>in</span> <span class='ocrx_word' id='word_1_161' title='bbox 888 2047 1011 2128; x_wconf 89' lang='lat' dir='ltr'>pectus,</span> <span class='ocrx_word' id='word_1_162' title='bbox 1032 2044 1068 2107; x_wconf 92' lang='lat' dir='ltr'>ni</span> <span class='ocrx_word' id='word_1_163' title='bbox 1086 2043 1229 2128; x_wconf 84' lang='lat' dir='ltr'>proximi</span> <span class='ocrx_word' id='word_1_164' title='bbox 1247 2064 1340 2127; x_wconf 90' lang='lat' dir='ltr'>pren·</span> 
     </span>
     <span class='ocr_line' id='line_1_21' title="bbox 155 2131 1340 2218; baseline -0.001 -22"><span class='ocrx_word' id='word_1_165' title='bbox 155 2153 228 2196; x_wconf 83' lang='lat' dir='ltr'>sam</span> <span class='ocrx_word' id='word_1_166' title='bbox 257 2132 405 2195; x_wconf 86' lang='lat' dir='ltr'>dextram</span> <span class='ocrx_word' id='word_1_167' title='bbox 431 2132 466 2196; x_wconf 77' lang='lat' dir='ltr'>ri</span> <span class='ocrx_word' id='word_1_168' title='bbox 492 2133 710 2198; x_wconf 87' lang='lat' dir='ltr'>attinuissent.</span> <span class='ocrx_word' id='word_1_169' title='bbox 752 2137 897 2197; x_wconf 84' lang='lat' dir='ltr'>extrema</span> <span class='ocrx_word' id='word_1_170' title='bbox 918 2136 950 2197; x_wconf 91' lang='lat' dir='ltr'>et</span> <span class='ocrx_word' id='word_1_171' title='bbox 974 2131 1170 2218; x_wconf 82' lang='lat' dir='ltr'>conglobata</span> <span class='ocrx_word' id='word_1_172' title='bbox 1196 2132 1340 2196; x_wconf 83' lang='lat' dir='ltr'>interae</span> 
     </span>
     <span class='ocr_line' id='line_1_22' title="bbox 160 2219 1338 2306; baseline 0.001 -23"><span class='ocrx_word' id='word_1_173' title='bbox 160 2242 235 2304; x_wconf 87' lang='lat' dir='ltr'>pars</span> <span class='ocrx_word' id='word_1_174' title='bbox 259 2219 422 2284; x_wconf 88' lang='lat' dir='ltr'>contionis</span> <span class='ocrx_word' id='word_1_175' title='bbox 444 2241 495 2302; x_wconf 86' lang='lat' dir='ltr'>ec,</span> <span class='ocrx_word' id='word_1_176' title='bbox 517 2221 574 2285; x_wconf 83' lang='lat' dir='ltr'>vix</span> <span class='ocrx_word' id='word_1_177' title='bbox 596 2220 748 2286; x_wconf 90' lang='lat' dir='ltr'>credibile</span> <span class='ocrx_word' id='word_1_178' title='bbox 772 2221 875 2304; x_wconf 89' lang='lat' dir='ltr'>dictu,</span> <span class='ocrx_word' id='word_1_179' title='bbox 904 2221 1035 2305; x_wconf 90' lang='lat' dir='ltr'>quidam</span> <span class='ocrx_word' id='word_1_180' title='bbox 1059 2220 1181 2306; x_wconf 89' lang='lat' dir='ltr'>singuli</span> <span class='ocrx_word' id='word_1_181' title='bbox 1203 2221 1338 2304; x_wconf 92' lang='lat' dir='ltr'>propius</span> 
     </span>
     <span class='ocr_line' id='line_1_23' title="bbox 159 2307 1380 2394; baseline 0.003 -21"><span class='ocrx_word' id='word_1_182' title='bbox 159 2308 358 2392; x_wconf 90' lang='lat' dir='ltr'>incedentes,</span> <span class='ocrx_word' id='word_1_183' title='bbox 397 2308 508 2372; x_wconf 80' lang='lat' dir='ltr'>feriret</span> <span class='ocrx_word' id='word_1_184' title='bbox 539 2307 767 2394; x_wconf 79' lang='lat' dir='ltr'>hortabantur3</span> <span class='ocrx_word' id='word_1_185' title='bbox 803 2314 835 2374; x_wconf 90' lang='lat' dir='ltr'>et</span> <span class='ocrx_word' id='word_1_186' title='bbox 867 2309 960 2374; x_wconf 91' lang='lat' dir='ltr'>miles</span> <span class='ocrx_word' id='word_1_187' title='bbox 991 2310 1122 2374; x_wconf 90' lang='lat' dir='ltr'>nomine</span> <span class='ocrx_word' id='word_1_188' title='bbox 1156 2307 1338 2374; x_wconf 79' lang='lat' dir='ltr'>Calusidius</span> <span class='ocrx_word' id='word_1_189' title='bbox 1353 2337 1380 2377; x_wconf 81' lang='lat' dir='ltr'>ro</span> 
     </span>
     <span class='ocr_line' id='line_1_24' title="bbox 155 2395 1339 2483; baseline -0.001 -20"><span class='ocrx_word' id='word_1_190' title='bbox 155 2398 310 2463; x_wconf 84' lang='lat' dir='ltr'>strictum</span> <span class='ocrx_word' id='word_1_191' title='bbox 342 2395 462 2461; x_wconf 90' lang='lat' dir='ltr'>obtulit</span> <span class='ocrx_word' id='word_1_192' title='bbox 494 2396 652 2483; x_wconf 82' lang='lat' dir='ltr'>gladium,</span> <span class='ocrx_word' id='word_1_193' title='bbox 684 2398 795 2462; x_wconf 88' lang='lat' dir='ltr'>addito</span> <span class='ocrx_word' id='word_1_194' title='bbox 822 2398 999 2462; x_wconf 85' lang='lat' dir='ltr'>acutiorem</span> <span class='ocrx_word' id='word_1_195' title='bbox 1027 2420 1105 2463; x_wconf 88' lang='lat' dir='ltr'>esse.</span> <span class='ocrx_word' id='word_1_196' title='bbox 1151 2420 1282 2463; x_wconf 82' lang='lat' dir='ltr'>saevum</span> <span class='ocrx_word' id='word_1_197' title='bbox 1306 2398 1339 2462; x_wconf 93' lang='lat' dir='ltr'>id</span> 
     </span>
     <span class='ocr_line' id='line_1_25' title="bbox 154 2485 1337 2572; baseline 0.002 -23"><span class='ocrx_word' id='word_1_198' title='bbox 154 2486 300 2571; x_wconf 88' lang='lat' dir='ltr'>malique</span> <span class='ocrx_word' id='word_1_199' title='bbox 332 2486 433 2550; x_wconf 90' lang='lat' dir='ltr'>moris</span> <span class='ocrx_word' id='word_1_200' title='bbox 463 2487 561 2551; x_wconf 87' lang='lat' dir='ltr'>etiam</span> <span class='ocrx_word' id='word_1_201' title='bbox 588 2485 772 2552; x_wconf 80' lang='lat' dir='ltr'>furentibus</span> <span class='ocrx_word' id='word_1_202' title='bbox 800 2487 920 2569; x_wconf 88' lang='lat' dir='ltr'>visum,</span> <span class='ocrx_word' id='word_1_203' title='bbox 947 2508 985 2552; x_wconf 90' lang='lat' dir='ltr'>ac</span> <span class='ocrx_word' id='word_1_204' title='bbox 1012 2487 1153 2570; x_wconf 82' lang='lat' dir='ltr'>spatium</span> <span class='ocrx_word' id='word_1_205' title='bbox 1181 2486 1245 2551; x_wconf 85' lang='lat' dir='ltr'>fuit</span> <span class='ocrx_word' id='word_1_206' title='bbox 1273 2508 1337 2572; x_wconf 92' lang='lat' dir='ltr'>quo</span> 
     </span>
     <span class='ocr_line' id='line_1_26' title="bbox 154 2574 1000 2659; baseline -0.001 -19"><span class='ocrx_word' id='word_1_207' title='bbox 154 2574 276 2640; x_wconf 73' lang='lat' dir='ltr'>Caesar</span> <span class='ocrx_word' id='word_1_208' title='bbox 299 2574 339 2639; x_wconf 88' lang='lat' dir='ltr'>ab</span> <span class='ocrx_word' id='word_1_209' title='bbox 362 2574 477 2640; x_wconf 89' lang='lat' dir='ltr'>amicis</span> <span class='ocrx_word' id='word_1_210' title='bbox 500 2575 536 2639; x_wconf 92' lang='lat' dir='ltr'>in</span> <span class='ocrx_word' id='word_1_211' title='bbox 558 2574 802 2641; x_wconf 79' lang='lat' dir='ltr'>tabernaculum</span> <span class='ocrx_word' id='word_1_212' title='bbox 825 2581 1000 2659; x_wconf 88' lang='lat' dir='ltr'>raperetur.</span> 
     </span>
    </p>

    <p class='ocr_par' dir='ltr' id='par_1_4' title="bbox 157 2663 1393 2927">
     <span class='ocr_line' id='line_1_27' title="bbox 249 2663 1393 2750; baseline 0 -21"><span class='ocrx_word' id='word_1_213' title='bbox 249 2663 475 2729; x_wconf 83' lang='lat' dir='ltr'>Consultatum</span> <span class='ocrx_word' id='word_1_214' title='bbox 503 2664 551 2729; x_wconf 91' lang='lat' dir='ltr'>ibi</span> <span class='ocrx_word' id='word_1_215' title='bbox 579 2664 617 2730; x_wconf 93' lang='lat' dir='ltr'>de</span> <span class='ocrx_word' id='word_1_216' title='bbox 646 2665 803 2749; x_wconf 72' lang='lat' dir='ltr'>remedio,</span> <span class='ocrx_word' id='word_1_217' title='bbox 835 2664 955 2729; x_wconf 89' lang='lat' dir='ltr'>etenim</span> <span class='ocrx_word' id='word_1_218' title='bbox 986 2664 1198 2729; x_wconf 91' lang='lat' dir='ltr'>nuntiabatur</span> <span class='ocrx_word' id='word_1_219' title='bbox 1229 2664 1393 2750; x_wconf 80' lang='lat' dir='ltr'>parari36</span> 
     </span>
     <span class='ocr_line' id='line_1_28' title="bbox 157 2751 1337 2837; baseline 0.002 -22"><span class='ocrx_word' id='word_1_220' title='bbox 157 2751 293 2837; x_wconf 84' lang='lat' dir='ltr'>legatos,</span> <span class='ocrx_word' id='word_1_221' title='bbox 310 2753 367 2837; x_wconf 91' lang='lat' dir='ltr'>qui</span> <span class='ocrx_word' id='word_1_222' title='bbox 385 2754 585 2837; x_wconf 89' lang='lat' dir='ltr'>superiorem</span> <span class='ocrx_word' id='word_1_223' title='bbox 604 2754 781 2819; x_wconf 84' lang='lat' dir='ltr'>exercitum</span> <span class='ocrx_word' id='word_1_224' title='bbox 800 2753 841 2817; x_wconf 86' lang='lat' dir='ltr'>ad</span> <span class='ocrx_word' id='word_1_225' title='bbox 859 2774 988 2818; x_wconf 88' lang='lat' dir='ltr'>causam</span> <span class='ocrx_word' id='word_1_226' title='bbox 1007 2753 1140 2817; x_wconf 86' lang='lat' dir='ltr'>eandem</span> <span class='ocrx_word' id='word_1_227' title='bbox 1158 2753 1337 2818; x_wconf 85' lang='lat' dir='ltr'>traherent:</span> 
     </span>
     <span class='ocr_line' id='line_1_29' title="bbox 158 2839 1339 2927; baseline 0.003 -23"><span class='ocrx_word' id='word_1_228' title='bbox 158 2839 355 2905; x_wconf 90' lang='lat' dir='ltr'>destinatum</span> <span class='ocrx_word' id='word_1_229' title='bbox 374 2842 499 2919; x_wconf 84' lang='lat' dir='ltr'>excidio</span> <span class='ocrx_word' id='word_1_230' title='bbox 514 2842 675 2909; x_wconf 90' lang='lat' dir='ltr'>Ubiorum</span> <span class='ocrx_word' id='word_1_231' title='bbox 689 2843 855 2927; x_wconf 92' lang='lat' dir='ltr'>oppidum,</span> <span class='ocrx_word' id='word_1_232' title='bbox 873 2842 1078 2927; x_wconf 90' lang='lat' dir='ltr'>imbutasque</span> <span class='ocrx_word' id='word_1_233' title='bbox 1093 2843 1211 2926; x_wconf 90' lang='lat' dir='ltr'>praeda</span> <span class='ocrx_word' id='word_1_234' title='bbox 1224 2864 1339 2907; x_wconf 86' lang='lat' dir='ltr'>manus</span> 
     </span>
    </p>
   </div>
   <div class='ocr_carea' id='block_1_3' title="bbox 155 3033 1339 4526">
    <p class='ocr_par' dir='ltr' id='par_1_5' title="bbox 155 3033 1339 3303">
     <span class='ocr_line' id='line_1_30' title="bbox 195 3033 1339 3104; baseline 0 -16"><span class='ocrx_word' id='word_1_235' title='bbox 195 3033 244 3088; x_wconf 77' lang='grc'>85.</span> <span class='ocrx_word' id='word_1_236' title='bbox 282 3039 307 3087; x_wconf 80' lang='lat'>2.</span> <span class='ocrx_word' id='word_1_237' title='bbox 344 3050 572 3104; x_wconf 76' lang='lat' dir='ltr'>quonam—qao.</span> <span class='ocrx_word' id='word_1_238' title='bbox 609 3034 721 3089; x_wconf 81' lang='lat' dir='ltr'>Ebensc</span> <span class='ocrx_word' id='word_1_239' title='bbox 813 3040 854 3089; x_wconf 84' lang='lat'>18.</span> <span class='ocrx_word' id='word_1_240' title='bbox 883 3036 999 3091; x_wconf 79' lang='lat' dir='ltr'>attinere</span> <span class='ocrx_word' id='word_1_241' title='bbox 1022 3033 1096 3089; x_wconf 85' lang='lat' dir='ltr'>fehlt</span> <span class='ocrx_word' id='word_1_242' title='bbox 1118 3034 1149 3089; x_wconf 91' lang='lat' dir='ltr'>in</span> <span class='ocrx_word' id='word_1_243' title='bbox 1172 3034 1264 3089; x_wconf 90' lang='lat' dir='ltr'>dieser</span> <span class='ocrx_word' id='word_1_244' title='bbox 1286 3036 1339 3089; x_wconf 90' lang='lat' dir='ltr'>Be·</span> 
     </span>
     <span class='ocr_line' id='line_1_31' title="bbox 157 3102 1338 3177; baseline 0.002 -20"><span class='ocrx_word' id='word_1_245' title='bbox 157 3102 238 3158; x_wconf 79' lang='lat' dir='ltr'>heisst</span> <span class='ocrx_word' id='word_1_246' title='bbox 255 3121 285 3159; x_wconf 90' lang='lat' dir='ltr'>es</span> <span class='ocrx_word' id='word_1_247' title='bbox 303 3104 333 3158; x_wconf 91' lang='lat' dir='ltr'>in</span> <span class='ocrx_word' id='word_1_248' title='bbox 352 3104 402 3159; x_wconf 92' lang='lat' dir='ltr'>der</span> <span class='ocrx_word' id='word_1_249' title='bbox 419 3106 571 3175; x_wconf 87' lang='lat' dir='ltr'>Anaphora</span> <span class='ocrx_word' id='word_1_250' title='bbox 589 3106 721 3177; x_wconf 80' lang='lat' dir='ltr'>gewthn-</span> <span class='ocrx_word' id='word_1_251' title='bbox 776 3107 904 3177; x_wconf 85' lang='lat' dir='ltr'>deutung</span> <span class='ocrx_word' id='word_1_252' title='bbox 917 3105 963 3159; x_wconf 90' lang='lat' dir='ltr'>bei</span> <span class='ocrx_word' id='word_1_253' title='bbox 975 3105 1151 3161; x_wconf 83' lang='lat' dir='ltr'>klassischen</span> <span class='ocrx_word' id='word_1_254' title='bbox 1161 3105 1338 3174; x_wconf 77' lang='lat' dir='ltr'>Ptosaikern,</span> 
     </span>
     <span class='ocr_line' id='line_1_32' title="bbox 155 3175 1172 3248; baseline 0.003 -19"><span class='ocrx_word' id='word_1_255' title='bbox 155 3175 216 3229; x_wconf 79' lang='lat' dir='ltr'>lien</span> <span class='ocrx_word' id='word_1_256' title='bbox 230 3177 491 3246; x_wconf 63' lang='lat' dir='ltr'>pomumque-qui,</span> <span class='ocrx_word' id='word_1_257' title='bbox 506 3179 576 3231; x_wconf 92' lang='lat' dir='ltr'>stets</span> <span class='ocrx_word' id='word_1_258' title='bbox 589 3194 721 3233; x_wconf 75' lang='lat' dir='ltr'>nonne-</span> <span class='ocrx_word' id='word_1_259' title='bbox 774 3176 814 3231; x_wconf 91' lang='lat' dir='ltr'>ist</span> <span class='ocrx_word' id='word_1_260' title='bbox 832 3177 900 3232; x_wconf 91' lang='lat' dir='ltr'>aber</span> <span class='ocrx_word' id='word_1_261' title='bbox 918 3176 965 3232; x_wconf 90' lang='lat' dir='ltr'>bei</span> <span class='ocrx_word' id='word_1_262' title='bbox 983 3177 1049 3231; x_wconf 82' lang='lat' dir='ltr'>Tac.</span> <span class='ocrx_word' id='word_1_263' title='bbox 1068 3177 1172 3248; x_wconf 74' lang='lat' dir='ltr'>htufig.</span> 
     </span>
     <span class='ocr_line' id='line_1_33' title="bbox 155 3247 1338 3303; baseline 0.001 -1"><span class='ocrx_word' id='word_1_264' title='bbox 155 3263 215 3302; x_wconf 71' lang='lat' dir='ltr'>corr</span> <span class='ocrx_word' id='word_1_265' title='bbox 233 3265 259 3300; x_wconf 91' lang='lat' dir='ltr'>u.</span> <span class='ocrx_word' id='word_1_266' title='bbox 279 3250 304 3299; x_wconf 77' lang='lat' dir='ltr'>c.</span> <span class='ocrx_word' id='word_1_267' title='bbox 812 3253 854 3302; x_wconf 75' lang='lat'>20.</span> <span class='ocrx_word' id='word_1_268' title='bbox 882 3249 1004 3303; x_wconf 77' lang='lat' dir='ltr'>incedere</span> <span class='ocrx_word' id='word_1_269' title='bbox 1021 3249 1073 3302; x_wconf 84' lang='lat' dir='ltr'>hat</span> <span class='ocrx_word' id='word_1_270' title='bbox 1090 3247 1156 3303; x_wconf 85' lang='lat' dir='ltr'>Tac.</span> <span class='ocrx_word' id='word_1_271' title='bbox 1176 3249 1247 3303; x_wconf 88' lang='lat' dir='ltr'>statt</span> <span class='ocrx_word' id='word_1_272' title='bbox 1264 3266 1338 3303; x_wconf 84' lang='lat' dir='ltr'>occe·</span> 
     </span>
    </p>

    <p class='ocr_par' dir='ltr' id='par_1_6' title="bbox 156 3318 1339 3601">
     <span class='ocr_line' id='line_1_34' title="bbox 194 3318 1337 3390; baseline 0.003 -19"><span class='ocrx_word' id='word_1_273' title='bbox 194 3324 218 3372; x_wconf 83' lang='lat'>4.</span> <span class='ocrx_word' id='word_1_274' title='bbox 252 3319 408 3374; x_wconf 61' lang='lat' dir='ltr'>indiscretis</span> <span class='ocrx_word' id='word_1_275' title='bbox 425 3335 479 3373; x_wconf 83' lang='lat' dir='ltr'>coc.</span> <span class='ocrx_word' id='word_1_276' title='bbox 499 3324 541 3365; x_wconf 80' lang='lat'>=¹</span> <span class='ocrx_word' id='word_1_277' title='bbox 553 3318 676 3373; x_wconf 83' lang='lat' dir='ltr'>confusis</span> <span class='ocrx_word' id='word_1_278' title='bbox 696 3336 719 3372; x_wconf 91' lang='lat' dir='ltr'>v.</span> <span class='ocrx_word' id='word_1_279' title='bbox 774 3321 837 3375; x_wconf 74' lang='lat' dir='ltr'>dere</span> <span class='ocrx_word' id='word_1_280' title='bbox 854 3319 1018 3389; x_wconf 86' lang='lat' dir='ltr'>gebraucht,</span> <span class='ocrx_word' id='word_1_281' title='bbox 1037 3325 1062 3384; x_wconf 80' lang='grc'>1,</span> <span class='ocrx_word' id='word_1_282' title='bbox 1081 3324 1130 3387; x_wconf 71' lang='grc'>41,</span> <span class='ocrx_word' id='word_1_283' title='bbox 1154 3326 1196 3386; x_wconf 75' lang='lat' dir='ltr'>lt,</span> <span class='ocrx_word' id='word_1_284' title='bbox 1209 3325 1262 3387; x_wconf 68' lang='lat'>&#39;133</span> <span class='ocrx_word' id='word_1_285' title='bbox 1283 3319 1337 3390; x_wconf 85' lang='lat' dir='ltr'>vgl.</span> 
     </span>
     <span class='ocr_line' id='line_1_35' title="bbox 157 3388 1282 3458; baseline 0.003 -16"><span class='ocrx_word' id='word_1_286' title='bbox 157 3388 563 3444; x_wconf 73' lang='lat' dir='ltr'>‘durcheinandersohreiend&#39;.</span> <span class='ocrx_word' id='word_1_287' title='bbox 583 3422 617 3430; x_wconf 97' lang='lat'><em>-</em></span> <span class='ocrx_word' id='word_1_288' title='bbox 631 3391 721 3458; x_wconf 81' lang='lat' dir='ltr'>pretio</span> <span class='ocrx_word' id='word_1_289' title='bbox 774 3389 834 3444; x_wconf 87' lang='lat' dir='ltr'>Liv.</span> <span class='ocrx_word' id='word_1_290' title='bbox 850 3397 875 3458; x_wconf 91' lang='lat'>8,</span> <span class='ocrx_word' id='word_1_291' title='bbox 890 3396 964 3458; x_wconf 80' lang='lat'><strong>20‚5</strong></span> <span class='ocrx_word' id='word_1_292' title='bbox 983 3391 1021 3445; x_wconf 87' lang='lat' dir='ltr'>ad</span> <span class='ocrx_word' id='word_1_293' title='bbox 1038 3392 1131 3446; x_wconf 79' lang='lat' dir='ltr'>urbem</span> <span class='ocrx_word' id='word_1_294' title='bbox 1149 3392 1282 3446; x_wconf 71' lang='lat' dir='ltr'>incedere.</span> 
     </span>
     <span class='ocr_line' id='line_1_36' title="bbox 156 3449 1339 3530; baseline 0 -15"><span class='ocrx_word' id='word_1_295' title='bbox 156 3460 340 3515; x_wconf 63' lang='lat' dir='ltr'>recchonem.</span> <span class='ocrx_word' id='word_1_296' title='bbox 374 3459 410 3513; x_wconf 82' lang='lat' dir='ltr'>So</span> <span class='ocrx_word' id='word_1_297' title='bbox 429 3460 502 3513; x_wconf 90' lang='lat' dir='ltr'>auch</span> <span class='ocrx_word' id='word_1_298' title='bbox 520 3461 567 3514; x_wconf 90' lang='lat' dir='ltr'>die</span> <span class='ocrx_word' id='word_1_299' title='bbox 584 3460 721 3530; x_wconf 89' lang='lat' dir='ltr'>pannoni·</span> <span class='ocrx_word' id='word_1_300' title='bbox 812 3467 854 3516; x_wconf 78' lang='lat'>21.</span> <span class='ocrx_word' id='word_1_301' title='bbox 880 3449 1002 3515; x_wconf 77' lang='lat' dir='ltr'>lhnlieh</span> <span class='ocrx_word' id='word_1_302' title='bbox 1028 3461 1081 3515; x_wconf 91' lang='lat' dir='ltr'>Dio</span> <span class='ocrx_word' id='word_1_303' title='bbox 1109 3466 1156 3529; x_wconf 73' lang='grc'>17,</span> <span class='ocrx_word' id='word_1_304' title='bbox 1180 3467 1196 3515; x_wconf 81' lang='lat' dir='ltr'>t</span> <span class='ocrx_word' id='word_1_305' title='bbox 1224 3459 1273 3515; x_wconf 81' lang='grc' dir='ltr'>καί</span> <span class='ocrx_word' id='word_1_306' title='bbox 1295 3482 1339 3525; x_wconf 73' lang='grc' dir='ltr'>τις</span> 
     </span>
     <span class='ocr_line' id='line_1_37' title="bbox 156 3529 1338 3601; baseline 0.001 -17"><span class='ocrx_word' id='word_1_307' title='bbox 156 3529 513 3599; x_wconf 80' lang='lat' dir='ltr'>achenLegionen,c.1&#39;l.</span> <span class='ocrx_word' id='word_1_308' title='bbox 776 3533 868 3587; x_wconf 78' lang='grc' dir='ltr'><strong><em>αὐτῶν</em></strong></span> <span class='ocrx_word' id='word_1_309' title='bbox 893 3533 924 3587; x_wconf 83' lang='grc' dir='ltr'>τὸ</span> <span class='ocrx_word' id='word_1_310' title='bbox 948 3532 1049 3587; x_wconf 75' lang='grc' dir='ltr'><strong>ἑαυτοῦ</strong></span> <span class='ocrx_word' id='word_1_311' title='bbox 1072 3530 1155 3601; x_wconf 81' lang='grc' dir='ltr'><strong><em>ξίφος</em></strong></span> <span class='ocrx_word' id='word_1_312' title='bbox 1176 3529 1338 3600; x_wconf 80' lang='grc' dir='ltr'><strong><em>ἀνατείνας,</em></strong></span> 
     </span>
    </p>

    <p class='ocr_par' dir='ltr' id='par_1_7' title="bbox 156 3602 1337 3743">
     <span class='ocr_line' id='line_1_38' title="bbox 194 3602 1337 3675; baseline 0.003 -20"><span class='ocrx_word' id='word_1_313' title='bbox 194 3608 219 3655; x_wconf 75' lang='lat' dir='ltr'>d.</span> <span class='ocrx_word' id='word_1_314' title='bbox 244 3602 367 3670; x_wconf 76' lang='lat' dir='ltr'>propriis</span> <span class='ocrx_word' id='word_1_315' title='bbox 389 3603 547 3656; x_wconf 70' lang='lat' dir='ltr'>nominibus</span> <span class='ocrx_word' id='word_1_316' title='bbox 568 3602 599 3655; x_wconf 91' lang='lat' dir='ltr'>in</span> <span class='ocrx_word' id='word_1_317' title='bbox 626 3602 721 3672; x_wconf 84' lang='lat' dir='ltr'>Beaug</span> <span class='ocrx_word' id='word_1_318' title='bbox 774 3612 871 3671; x_wconf 74' lang='grc' dir='ltr'>τοῦτο,</span> <span class='ocrx_word' id='word_1_319' title='bbox 895 3602 962 3673; x_wconf 81' lang='grc' dir='ltr'>ἔφη,</span> <span class='ocrx_word' id='word_1_320' title='bbox 985 3602 1066 3675; x_wconf 73' lang='grc' dir='ltr'>λαβέ,</span> <span class='ocrx_word' id='word_1_321' title='bbox 1088 3612 1171 3659; x_wconf 82' lang='grc' dir='ltr'><em>τοῦτο</em></span> <span class='ocrx_word' id='word_1_322' title='bbox 1197 3603 1250 3673; x_wconf 73' lang='grc' dir='ltr'>γὰρ</span> <span class='ocrx_word' id='word_1_323' title='bbox 1275 3603 1337 3669; x_wconf 79' lang='grc' dir='ltr'><strong><em>ὀξύ·</em></strong></span> 
     </span>
     <span class='ocr_line' id='line_1_39' title="bbox 156 3663 1336 3743; baseline 0.004 -17"><span class='ocrx_word' id='word_1_324' title='bbox 156 3673 211 3726; x_wconf 85' lang='lat' dir='ltr'>auf</span> <span class='ocrx_word' id='word_1_325' title='bbox 231 3670 338 3726; x_wconf 71' lang='lat' dir='ltr'>dantia</span> <span class='ocrx_word' id='word_1_326' title='bbox 361 3687 476 3741; x_wconf 89' lang='lat' dir='ltr'>operum</span> <span class='ocrx_word' id='word_1_327' title='bbox 495 3699 529 3719; x_wconf 88' lang='lat'><em>=</em></span> <span class='ocrx_word' id='word_1_328' title='bbox 543 3672 719 3729; x_wconf 89' lang='lat' dir='ltr'>nominatim.</span> <span class='ocrx_word' id='word_1_329' title='bbox 773 3673 857 3743; x_wconf 80' lang='grc' dir='ltr'><strong><em>τερόν</em></strong></span> <span class='ocrx_word' id='word_1_330' title='bbox 876 3673 958 3730; x_wconf 65' lang='grc' dir='ltr'>ἐστιν.</span> <span class='ocrx_word' id='word_1_331' title='bbox 978 3707 1012 3715; x_wconf 87' lang='grc'>-</span> <span class='ocrx_word' id='word_1_332' title='bbox 1031 3663 1107 3729; x_wconf 83' lang='lat' dir='ltr'>llber</span> <span class='ocrx_word' id='word_1_333' title='bbox 1125 3676 1202 3730; x_wconf 82' lang='lat' dir='ltr'>adito</span> <span class='ocrx_word' id='word_1_334' title='bbox 1221 3693 1242 3729; x_wconf 88' lang='grc'>1.</span> <span class='ocrx_word' id='word_1_335' title='bbox 1262 3674 1336 3731; x_wconf 81' lang='lat' dir='ltr'>Einl.</span> 
     </span>
    </p>

    <p class='ocr_par' dir='ltr' id='par_1_8' title="bbox 156 3742 1337 3886">
     <span class='ocr_line' id='line_1_40' title="bbox 196 3742 866 3815; baseline 0.001 -17"><span class='ocrx_word' id='word_1_336' title='bbox 196 3749 221 3798; x_wconf 86' lang='lat'>8.</span> <span class='ocrx_word' id='word_1_337' title='bbox 236 3761 365 3813; x_wconf 78' lang='lat' dir='ltr'>quaerere</span> <span class='ocrx_word' id='word_1_338' title='bbox 375 3742 528 3815; x_wconf 76' lang='lat' dir='ltr'>‘ausfindig</span> <span class='ocrx_word' id='word_1_339' title='bbox 540 3744 669 3812; x_wconf 83' lang='lat' dir='ltr'>macheu,</span> <span class='ocrx_word' id='word_1_340' title='bbox 679 3760 720 3798; x_wconf 92' lang='lat' dir='ltr'>er·</span> <span class='ocrx_word' id='word_1_341' title='bbox 776 3752 792 3813; x_wconf 67' lang='grc' dir='ltr'><strong>ς</strong></span> <span class='ocrx_word' id='word_1_342' title='bbox 808 3751 866 3800; x_wconf 78' lang='lat'>112.</span> 
     </span>
     <span class='ocr_line' id='line_1_41' title="bbox 156 3814 1337 3886; baseline 0.004 -18"><span class='ocrx_word' id='word_1_343' title='bbox 156 3814 279 3871; x_wconf 87' lang='lat' dir='ltr'>sinnen&#39;.</span> <span class='ocrx_word' id='word_1_344' title='bbox 813 3816 1337 3886; x_wconf 58' lang='lat' dir='ltr'>tumultuent‘boshast’.—spatium</span> 
     </span>
    </p>

    <p class='ocr_par' dir='ltr' id='par_1_9' title="bbox 197 3886 1241 3956">
     <span class='ocr_line' id='line_1_42' title="bbox 197 3886 1241 3956; baseline 0.002 -16"><span class='ocrx_word' id='word_1_345' title='bbox 197 3891 238 3941; x_wconf 91' lang='lat'>10.</span> <span class='ocrx_word' id='word_1_346' title='bbox 256 3887 369 3954; x_wconf 81' lang='lat' dir='ltr'>obirent,</span> <span class='ocrx_word' id='word_1_347' title='bbox 388 3904 409 3940; x_wconf 90' lang='lat' dir='ltr'>s.</span> <span class='ocrx_word' id='word_1_348' title='bbox 424 3903 459 3939; x_wconf 82' lang='lat' dir='ltr'>zu</span> <span class='ocrx_word' id='word_1_349' title='bbox 473 3904 495 3942; x_wconf 92' lang='lat' dir='ltr'>c.</span> <span class='ocrx_word' id='word_1_350' title='bbox 513 3892 555 3955; x_wconf 79' lang='lat'>15,</span> <span class='ocrx_word' id='word_1_351' title='bbox 569 3891 593 3941; x_wconf 91' lang='lat'>8.</span> <span class='ocrx_word' id='word_1_352' title='bbox 773 3891 832 3956; x_wconf 76' lang='lat' dir='ltr'>fait</span> <span class='ocrx_word' id='word_1_353' title='bbox 850 3890 890 3942; x_wconf 84' lang='lat' dir='ltr'>‘es</span> <span class='ocrx_word' id='word_1_354' title='bbox 908 3890 967 3941; x_wconf 86' lang='lat' dir='ltr'>trat</span> <span class='ocrx_word' id='word_1_355' title='bbox 984 3887 1047 3942; x_wconf 91' lang='lat' dir='ltr'>eine</span> <span class='ocrx_word' id='word_1_356' title='bbox 1064 3887 1155 3942; x_wconf 83' lang='lat' dir='ltr'>Pausa</span> <span class='ocrx_word' id='word_1_357' title='bbox 1174 3886 1241 3942; x_wconf 88' lang='lat' dir='ltr'>ein&#39;.</span> 
     </span>
    </p>

    <p class='ocr_par' dir='ltr' id='par_1_10' title="bbox 157 3957 1338 4172">
     <span class='ocr_line' id='line_1_43' title="bbox 196 3957 1336 4029; baseline 0.002 -18"><span class='ocrx_word' id='word_1_358' title='bbox 196 3964 237 4011; x_wconf 77' lang='lat'>12.</span> <span class='ocrx_word' id='word_1_359' title='bbox 256 3973 398 4028; x_wconf 79' lang='lat' dir='ltr'>reposcere,</span> <span class='ocrx_word' id='word_1_360' title='bbox 412 3958 466 4013; x_wconf 87' lang='lat' dir='ltr'>wie</span> <span class='ocrx_word' id='word_1_361' title='bbox 480 3957 558 4013; x_wconf 84' lang='lat' dir='ltr'>Caes.</span> <span class='ocrx_word' id='word_1_362' title='bbox 569 3958 596 4013; x_wconf 91' lang='lat' dir='ltr'>b.</span> <span class='ocrx_word' id='word_1_363' title='bbox 607 3957 639 4013; x_wconf 84' lang='lat' dir='ltr'>G.</span> <span class='ocrx_word' id='word_1_364' title='bbox 650 3964 674 4027; x_wconf 80' lang='lat'>5,</span> <span class='ocrx_word' id='word_1_365' title='bbox 685 3963 719 4012; x_wconf 76' lang='lat'>30</span> <span class='ocrx_word' id='word_1_366' title='bbox 810 3959 859 4014; x_wconf 75' lang='grc'>36.</span> <span class='ocrx_word' id='word_1_367' title='bbox 879 3963 903 4013; x_wconf 79' lang='grc'>3.</span> <span class='ocrx_word' id='word_1_368' title='bbox 925 3959 1055 4014; x_wconf 75' lang='lat' dir='ltr'>Ubiorum</span> <span class='ocrx_word' id='word_1_369' title='bbox 1068 3960 1200 4028; x_wconf 80' lang='lat' dir='ltr'>oppidum</span> <span class='ocrx_word' id='word_1_370' title='bbox 1210 3987 1244 4006; x_wconf 93' lang='lat'>=</span> <span class='ocrx_word' id='word_1_371' title='bbox 1253 3959 1336 4029; x_wconf 82' lang='lat' dir='ltr'>Koln,</span> 
     </span>
     <span class='ocr_line' id='line_1_44' title="bbox 157 4028 1337 4111; baseline 0.002 -28"><span class='ocrx_word' id='word_1_372' title='bbox 157 4030 293 4084; x_wconf 75' lang='lat' dir='ltr'>rationem</span> <span class='ocrx_word' id='word_1_373' title='bbox 310 4037 454 4098; x_wconf 72' lang='lat' dir='ltr'>repererat.</span> <span class='ocrx_word' id='word_1_374' title='bbox 474 4030 507 4083; x_wconf 93' lang='lat' dir='ltr'>In</span> <span class='ocrx_word' id='word_1_375' title='bbox 523 4047 565 4085; x_wconf 83' lang='lat' dir='ltr'>re·</span> <span class='ocrx_word' id='word_1_376' title='bbox 583 4028 655 4111; x_wconf 81' lang='lat' dir='ltr'>liegt</span> <span class='ocrx_word' id='word_1_377' title='bbox 668 4029 719 4083; x_wconf 89' lang='lat' dir='ltr'>das</span> <span class='ocrx_word' id='word_1_378' title='bbox 774 4031 848 4084; x_wconf 91' lang='lat' dir='ltr'>auch</span> <span class='ocrx_word' id='word_1_379' title='bbox 867 4031 998 4085; x_wconf 77' lang='lat' dir='ltr'>Ubiorum</span> <span class='ocrx_word' id='word_1_380' title='bbox 1014 4032 1089 4093; x_wconf 78' lang='lat' dir='ltr'>urbe,</span> <span class='ocrx_word' id='word_1_381' title='bbox 1102 4032 1208 4098; x_wconf 82' lang='lat' dir='ltr'>civitae,</span> <span class='ocrx_word' id='word_1_382' title='bbox 1222 4049 1275 4102; x_wconf 81' lang='lat' dir='ltr'>oro</span> <span class='ocrx_word' id='word_1_383' title='bbox 1288 4048 1337 4101; x_wconf 86' lang='lat' dir='ltr'>ge·</span> 
     </span>
     <span class='ocr_line' id='line_1_45' title="bbox 157 4099 1338 4172; baseline 0.004 -19"><span class='ocrx_word' id='word_1_384' title='bbox 157 4099 285 4154; x_wconf 84' lang='lat' dir='ltr'>Moment</span> <span class='ocrx_word' id='word_1_385' title='bbox 302 4101 352 4154; x_wconf 91' lang='lat' dir='ltr'>der</span> <span class='ocrx_word' id='word_1_386' title='bbox 365 4101 583 4171; x_wconf 85' lang='lat' dir='ltr'>Berechtigung‚</span> <span class='ocrx_word' id='word_1_387' title='bbox 600 4118 655 4155; x_wconf 79' lang='lat' dir='ltr'>wie</span> <span class='ocrx_word' id='word_1_388' title='bbox 668 4100 718 4155; x_wconf 77' lang='lat' dir='ltr'>oe.</span> <span class='ocrx_word' id='word_1_389' title='bbox 773 4104 872 4169; x_wconf 81' lang='lat' dir='ltr'>nannt,</span> <span class='ocrx_word' id='word_1_390' title='bbox 887 4102 982 4170; x_wconf 73' lang='lat' dir='ltr'>sptter</span> <span class='ocrx_word' id='word_1_391' title='bbox 997 4101 1113 4156; x_wconf 76' lang='lat' dir='ltr'>Colonia</span> <span class='ocrx_word' id='word_1_392' title='bbox 1122 4104 1150 4157; x_wconf 79' lang='lat' dir='ltr'><strong><em>A</em></strong></span> <span class='ocrx_word' id='word_1_393' title='bbox 1189 4104 1338 4172; x_wconf 66' lang='lat' dir='ltr'>petrensis</span> 
     </span>
    </p>

    <p class='ocr_par' dir='ltr' id='par_1_11' title="bbox 157 4170 1338 4455">
     <span class='ocr_line' id='line_1_46' title="bbox 196 4170 1337 4242; baseline 0.003 -18"><span class='ocrx_word' id='word_1_394' title='bbox 196 4178 237 4225; x_wconf 87' lang='lat'>14.</span> <span class='ocrx_word' id='word_1_395' title='bbox 265 4173 347 4240; x_wconf 78' lang='lat' dir='ltr'>quusi</span> <span class='ocrx_word' id='word_1_396' title='bbox 364 4174 417 4226; x_wconf 89' lang='lat' dir='ltr'>cet.</span> <span class='ocrx_word' id='word_1_397' title='bbox 451 4170 502 4225; x_wconf 85' lang='lat' dir='ltr'>‘im</span> <span class='ocrx_word' id='word_1_398' title='bbox 526 4171 645 4226; x_wconf 80' lang='lat' dir='ltr'>Gefuhle</span> <span class='ocrx_word' id='word_1_399' title='bbox 669 4172 719 4225; x_wconf 91' lang='lat' dir='ltr'>der</span> <span class='ocrx_word' id='word_1_400' title='bbox 774 4172 958 4242; x_wconf 77' lang='lat' dir='ltr'>(vollstdndig</span> <span class='ocrx_word' id='word_1_401' title='bbox 989 4170 1106 4227; x_wconf 83' lang='lat' dir='ltr'>Colonia</span> <span class='ocrx_word' id='word_1_402' title='bbox 1156 4173 1254 4227; x_wconf 90' lang='lat' dir='ltr'>laudia</span> <span class='ocrx_word' id='word_1_403' title='bbox 1286 4191 1337 4227; x_wconf 87' lang='lat' dir='ltr'>ara</span> 
     </span>
     <span class='ocr_line' id='line_1_47' title="bbox 157 4240 1316 4313; baseline 0.002 -18"><span class='ocrx_word' id='word_1_404' title='bbox 157 4240 301 4309; x_wconf 81' lang='lat' dir='ltr'>Schande,</span> <span class='ocrx_word' id='word_1_405' title='bbox 325 4242 371 4296; x_wconf 90' lang='lat' dir='ltr'>die</span> <span class='ocrx_word' id='word_1_406' title='bbox 392 4259 460 4297; x_wconf 86' lang='lat' dir='ltr'>men</span> <span class='ocrx_word' id='word_1_407' title='bbox 477 4242 537 4296; x_wconf 89' lang='lat' dir='ltr'>ihm</span> <span class='ocrx_word' id='word_1_408' title='bbox 555 4244 717 4297; x_wconf 82' lang='lat' dir='ltr'>zumutete’.</span> <span class='ocrx_word' id='word_1_409' title='bbox 770 4243 841 4313; x_wconf 82' lang='lat' dir='ltr'>Agri</span> <span class='ocrx_word' id='word_1_410' title='bbox 862 4242 1000 4313; x_wconf 82' lang='lat' dir='ltr'>pinensis,</span> <span class='ocrx_word' id='word_1_411' title='bbox 1027 4243 1081 4297; x_wconf 82' lang='lat' dir='ltr'>wie</span> <span class='ocrx_word' id='word_1_412' title='bbox 1100 4243 1147 4298; x_wconf 89' lang='lat' dir='ltr'>die</span> <span class='ocrx_word' id='word_1_413' title='bbox 1164 4244 1316 4297; x_wconf 80' lang='lat' dir='ltr'>Abkfiraun</span> 
     </span>
     <span class='ocr_line' id='line_1_48' title="bbox 158 4261 1338 4379; baseline 0.001 -12"><span class='ocrx_word' id='word_1_414' title='bbox 158 4312 274 4368; x_wconf 72' lang='grc'>111111</span> <span class='ocrx_word' id='word_1_415' title='bbox 290 4318 361 4379; x_wconf 63' lang='lat'>596.</span> <span class='ocrx_word' id='word_1_416' title='bbox 538 4328 541 4333; x_wconf 91' lang='grc'><strong><em>·</em></strong></span> <span class='ocrx_word' id='word_1_417' title='bbox 771 4315 823 4368; x_wconf 89' lang='lat' dir='ltr'>der</span> <span class='ocrx_word' id='word_1_418' title='bbox 840 4261 960 4367; x_wconf 77' lang='lat' dir='ltr'>llflnzen</span> <span class='ocrx_word' id='word_1_419' title='bbox 978 4313 1051 4369; x_wconf 71' lang='grc'>(1.0.</span> <span class='ocrx_word' id='word_1_420' title='bbox 1070 4314 1103 4368; x_wconf 83' lang='lat' dir='ltr'>A.</span> <span class='ocrx_word' id='word_1_421' title='bbox 1117 4315 1151 4369; x_wconf 81' lang='lat' dir='ltr'>A.</span> <span class='ocrx_word' id='word_1_422' title='bbox 1170 4262 1338 4370; x_wconf 72' lang='lat' dir='ltr'>vermutlich</span> 
     </span>
     <span class='ocr_line' id='line_1_49' title="bbox 159 4384 1336 4455; baseline -0.002 -17"><span class='ocrx_word' id='word_1_423' title='bbox 159 4396 162 4403; x_wconf 78' lang='grc'>’</span> <span class='ocrx_word' id='word_1_424' title='bbox 183 4389 237 4438; x_wconf 82' lang='grc'>16.</span> <span class='ocrx_word' id='word_1_425' title='bbox 252 4402 335 4453; x_wconf 79' lang='lat' dir='ltr'>quam</span> <span class='ocrx_word' id='word_1_426' title='bbox 347 4385 394 4438; x_wconf 83' lang='lat' dir='ltr'>fer</span> <span class='ocrx_word' id='word_1_427' title='bbox 406 4401 490 4454; x_wconf 76' lang='lat' dir='ltr'>quom</span> <span class='ocrx_word' id='word_1_428' title='bbox 503 4393 542 4438; x_wconf 80' lang='lat' dir='ltr'>ut.</span> <span class='ocrx_word' id='word_1_429' title='bbox 558 4385 585 4439; x_wconf 85' lang='lat' dir='ltr'>S.</span> <span class='ocrx_word' id='word_1_430' title='bbox 595 4402 629 4438; x_wconf 85' lang='lat' dir='ltr'>au</span> <span class='ocrx_word' id='word_1_431' title='bbox 639 4391 665 4452; x_wconf 81' lang='grc'>3,</span> <span class='ocrx_word' id='word_1_432' title='bbox 674 4389 717 4438; x_wconf 82' lang='grc'>87.</span> <span class='ocrx_word' id='word_1_433' title='bbox 772 4384 937 4439; x_wconf 82' lang='lat' dir='ltr'>aufzulcsen</span> <span class='ocrx_word' id='word_1_434' title='bbox 953 4384 1011 4455; x_wconf 86' lang='lat' dir='ltr'>ist),</span> <span class='ocrx_word' id='word_1_435' title='bbox 1030 4385 1085 4439; x_wconf 87' lang='lat' dir='ltr'>seit</span> <span class='ocrx_word' id='word_1_436' title='bbox 1103 4391 1137 4440; x_wconf 80' lang='lat'>50</span> <span class='ocrx_word' id='word_1_437' title='bbox 1155 4404 1182 4439; x_wconf 89' lang='lat' dir='ltr'>n.</span> <span class='ocrx_word' id='word_1_438' title='bbox 1202 4385 1273 4451; x_wconf 76' lang='lat' dir='ltr'>Chr,</span> <span class='ocrx_word' id='word_1_439' title='bbox 1292 4402 1336 4437; x_wconf 86' lang='lat' dir='ltr'>wo</span> 
     </span>
    </p>

    <p class='ocr_par' dir='ltr' id='par_1_12' title="bbox 197 4455 1337 4526">
     <span class='ocr_line' id='line_1_50' title="bbox 197 4455 1337 4526; baseline -0.002 -18"><span class='ocrx_word' id='word_1_440' title='bbox 197 4460 237 4508; x_wconf 74' lang='lat'>1⁷.</span> <span class='ocrx_word' id='word_1_441' title='bbox 256 4456 375 4526; x_wconf 67' lang='lat' dir='ltr'>diripere</span> <span class='ocrx_word' id='word_1_442' title='bbox 394 4455 566 4510; x_wconf 81' lang='lat' dir='ltr'>‘losreissen’.</span> <span class='ocrx_word' id='word_1_443' title='bbox 772 4456 826 4509; x_wconf 84' lang='lat' dir='ltr'>auf</span> <span class='ocrx_word' id='word_1_444' title='bbox 841 4456 991 4510; x_wconf 87' lang='lat' dir='ltr'>Betreiben</span> <span class='ocrx_word' id='word_1_445' title='bbox 1009 4456 1059 4509; x_wconf 91' lang='lat' dir='ltr'>der</span> <span class='ocrx_word' id='word_1_446' title='bbox 1076 4456 1216 4524; x_wconf 78' lang='lat' dir='ltr'>jungeren</span> <span class='ocrx_word' id='word_1_447' title='bbox 1233 4455 1337 4521; x_wconf 84' lang='lat' dir='ltr'>Agrip·</span> 
     </span>
    </p>
   </div>
   <div class='ocr_carea' id='block_1_4' title="bbox 212 4548 1122 4596">
    <p class='ocr_par' dir='ltr' id='par_1_13' title="bbox 212 4548 1122 4596">
     <span class='ocr_line' id='line_1_51' title="bbox 212 4548 1122 4596; baseline 0.002 -2"><span class='ocrx_word' id='word_1_448' title='bbox 212 4555 265 4594; x_wconf 76' lang='lat' dir='ltr'>&#39;l&#39;ac</span> <span class='ocrx_word' id='word_1_449' title='bbox 276 4553 360 4595; x_wconf 73' lang='lat' dir='ltr'>Annei.</span> <span class='ocrx_word' id='word_1_450' title='bbox 373 4555 393 4595; x_wconf 92' lang='lat'>1.</span> <span class='ocrx_word' id='word_1_451' title='bbox 407 4557 425 4596; x_wconf 80' lang='lat' dir='ltr'>l.</span> <span class='ocrx_word' id='word_1_452' title='bbox 435 4553 499 4596; x_wconf 80' lang='lat' dir='ltr'>Auss.</span> <span class='ocrx_word' id='word_1_453' title='bbox 1106 4548 1122 4596; x_wconf 70' lang='grc' dir='ltr'><strong>ὅ</strong></span> 
     </span>
    </p>
   </div>
   <div class='ocr_carea' id='block_1_5' title="bbox 0 0 1550 4834">
    <p class='ocr_par' dir='ltr' id='par_1_14' title="bbox 0 0 1550 4834">
     <span class='ocr_line' id='line_1_52' title="bbox 0 0 1550 4834; baseline 0 0"><span class='ocrx_word' id='word_1_454' title='bbox 0 0 1550 4834; x_wconf 95' lang='lat' dir='ltr'> </span> 
     </span>
    </p>
   </div>
  </div>
 </body>
</html>
