3092 4834
543 299 652 352 alcun
669 299 703 354 Π.
740 299 817 354 GAP.
837 304 950 354 rs-er.
1272 301 1335 364 115

156 465 240 529 teius
263 463 410 549 Agrippa
433 467 466 527 et
494 461 528 527 0.
547 461 677 547 Vibius,
705 462 934 545 certabantque
958 464 1011 527 eui
1034 464 1084 527 ius
1108 462 1278 547 perorandi
1302 464 1335 528 in

156 576 246 618 reum
270 552 408 636 daretur,
431 552 532 617 donec
551 551 677 635 Vibius,
702 553 778 635 quia
800 572 859 615 nec
882 553 945 636 ipsi
968 553 1052 617 inter
1075 575 1108 617 se
1126 553 1336 618 concederent

157 647 189 706 et
212 642 294 707 Libo
322 644 391 708 sine
419 645 555 725 patrono
583 643 762 725 introisset,
791 640 981 726 singillatim
1009 664 1042 705 se
1071 643 1205 706 crimina
1233 641 1335 707 obiec-

157 738 263 796 turum
288 731 465 816 professus,
491 732 629 815 protulit
650 729 779 795 libellos
802 729 973 795 vaecordes
996 729 1088 810 adeo,
1115 735 1153 795 ut
1176 733 1336 796 consulte·
1363 757 1376 797 a

157 822 243 886 verit
264 820 362 904 Libo,
385 843 426 884 an
449 820 619 885 habiturus
642 820 728 885 foret
750 841 841 903 opes,
865 821 938 902 quis
961 820 1045 884 viam
1070 819 1211 904 Appiam
1233 820 1336 885 Brun-

158 911 275 975 disium
302 931 405 994 usquc
432 912 568 993 pecunia
596 911 743 992 operiret.
789 910 916 973 inerant
944 912 976 972 et
1003 908 1066 973 alia
1092 909 1336 975 huiuscemodi

158 999 276 1065 stolida
293 1021 385 1084 vana,
408 998 435 1063 si
454 999 584 1062 mollius
603 999 772 1082 acciperes,
795 998 982 1062 miseranda.
1010 1019 1075 1062 uno
1098 1002 1206 1063 tamen
1224 998 1334 1062 libello

158 1109 255 1152 manu
292 1088 426 1152 Libonis
467 1089 648 1152 nominibus
687 1086 858 1152 Caesarum
900 1091 956 1151 aut
993 1091 1177 1152 senatorum
1213 1088 1337 1152 additas

157 1182 282 1243 atroces
314 1177 365 1241 vel
398 1176 540 1242 occultas
571 1180 664 1241 notas
696 1179 866 1253 accusator
898 1175 1061 1261 arguebat.
1111 1181 1249 1261 negante
1282 1198 1336 1241 reo
1352 1201 1377 1241 ro

158 1268 389 1353 adgnoscentes
414 1288 522 1331 servos
546 1289 604 1350 per
627 1270 789 1330 tormenta
812 1266 1005 1351 interrogari
1028 1266 1159 1349 placuit.
1205 1270 1238 1329 et
1262 1266 1337 1350 quia

157 1360 265 1420 vetere
288 1359 416 1421 senatus
441 1356 589 1421 consulto
614 1357 757 1438 quaestio
781 1356 817 1418 in
839 1359 936 1437 caput
954 1354 1077 1418 domini
1096 1353 1336 1438 prohibebatur,

158 1445 292 1509 callidus
330 1449 363 1508 et
398 1446 475 1510 nori
512 1445 591 1509 iuris
623 1449 770 1529 repertor
801 1442 949 1507 Tiberius
981 1444 1158 1528 mancipari
1191 1444 1337 1529 singulos

159 1536 262 1599 actori
294 1534 425 1619 publico
458 1535 561 1618 iubet,
594 1534 716 1599 scilicet
743 1537 782 1598 ut
809 1534 844 1598 in
866 1532 1023 1597 Libonem
1052 1554 1091 1596 ex
1119 1533 1219 1597 serris
1248 1532 1336 1597 salvo

158 1628 287 1688 senatus
324 1623 472 1688 consulto
501 1628 715 1707 quaereretur.
762 1622 803 1687 ob
837 1644 919 1705 quae
951 1626 1116 1705 posterum
1149 1622 1233 1686 diem
1264 1645 1337 1686 reus
1352 1646 1377 1687 rs

158 1713 276 1797 petivit
303 1713 499 1796 domumque
526 1712 688 1797 digressus
716 1717 874 1776 extremas
902 1731 1012 1795 preces
1035 1710 1071 1774 P.
1095 1709 1242 1787 Quirinio
1265 1734 1337 1795 pro-

161 1804 284 1886 pinquo
308 1823 365 1865 suo
390 1801 430 1865 ad
452 1802 631 1886 principem
653 1802 825 1866 mandavit.

248 1908 451 1992 Responsum
479 1911 527 1971 est
554 1911 592 1971 ut
619 1911 765 1972 senatum
793 1911 930 1994 rogaret.
990 1908 1179 1995 cingebatur
1206 1907 1337 1971 interim
1347 1906 1389 1971 31

158 1997 261 2061 milite
285 1997 407 2080 domus,
430 1996 616 2080 strepebant
639 1997 735 2061 etiam
754 1998 787 2060 in
807 1997 976 2081 vestibulo,
994 2001 1032 2061 ut
1050 1997 1163 2080 audiri,
1182 2000 1218 2060 ut
1236 1997 1337 2080 aspici

160 2090 307 2170 possent,
331 2107 403 2150 cum
425 2085 507 2149 Libo
532 2086 610 2170 ipsis
635 2108 715 2170 quas
739 2085 774 2149 in
796 2087 1002 2150 novissimam
1026 2086 1226 2170 voluptatem
1250 2086 1341 2151 adhi-

160 2175 276 2239 buerat
307 2174 410 2258 epulis
443 2176 644 2239 excruciatis
676 2195 791 2239 vocare
822 2195 1054 2257 percussorem,
1092 2196 1243 2259 prensare
1276 2197 1337 2239 ser·

159 2287 274 2329 vorum
304 2263 444 2345 dextras,
472 2265 610 2328 inserere
638 2264 790 2350 gladium.
836 2268 932 2347 atque
959 2263 1038 2346 illis,
1067 2264 1143 2328 dum
1167 2264 1337 2348 trepidant,
1364 2288 1383 2329 a.

160 2354 237 2417 dum
255 2352 430 2439 refugiunt,
454 2352 670 2417 evertentibus
690 2352 873 2436 adpositum
894 2373 963 2416 curn
985 2373 1097 2417 mensa
1118 2354 1235 2434 lumen,
1258 2353 1337 2417 fera·

159 2443 246 2506 libus
268 2443 332 2506 iam
357 2442 418 2507 sibi
442 2441 582 2507 tenebris
606 2443 686 2507 duos
710 2442 793 2505 ictus
816 2442 851 2506 in
872 2441 995 2505 viscera
1018 2441 1149 2505 derexit.
1177 2441 1217 2504 ad
1240 2442 1338 2525 gemi-

160 2537 230 2597 tum
254 2531 454 2596 conlabentis
478 2531 646 2597 adcurrere
668 2530 791 2613 liberti,
820 2534 852 2594 et
875 2530 969 2594 caede
992 2529 1061 2594 visa
1088 2530 1179 2594 miles
1203 2528 1344 2594 abstitit..

161 2622 323 2686 accusatio
360 2625 467 2685 tamen
504 2621 590 2706 apud
630 2625 738 2704 patres
780 2617 1019 2685 adseveratione
1055 2620 1165 2683 eadem
1201 2623 1345 2703 peracta,

161 2814 242 2880 tisri,
266 2813 336 2867 wird
356 2819 390 2867 24
408 2830 462 2868 von
481 2813 587 2868 seinem
606 2813 631 2869 ei
653 2830 724 2869 enen
779 2812 885 2867 konnte
903 2812 949 2865 fiir
967 2812 1018 2866 das
1037 2800 1109 2865 ilrar
1127 2812 1277 2881 Eigentum
1297 2827 1338 2865 er-

165 2885 257 2939 Sohne
282 2885 330 2939 des
348 2885 535 2939 Hoehverrats
560 2831 723 2956 angellagt.
778 2883 899 2938 werhen.
936 2883 999 2954 Vgl.
1020 2889 1044 2948 3,
1066 2888 1098 2937 67
1117 2900 1207 2938 seruos
1225 2900 1342 2952 qreoqnc,

199 2971 222 3018 5,
242 2973 275 3020 ut
290 2967 483 3021 consultaverit
497 2965 725 3034 elliptisch=ut
778 2963 811 3011 nt
833 2957 972 3039 mmeritis
994 2957 1238 3038 interrogarentur,
1262 2960 1339 3009 actor

161 3038 356 3092 icentunae
382 3038 492 3106 (tren)
518 3038 724 3103 treceniet,
774 3029 904 3097 publicos
921 3029 1061 3095 manino
1080 3034 1226 3095 acceperat.

162 3126 183 3161 Β·
204 3126 238 3161 ΖΠ
258 3113 282 3175 6,
302 3114 345 3173 22,
365 3114 407 3161 14·
816 3122 857 3170 lo.
880 3116 1033 3187 Quirinius,
1054 3132 1104 3169 aus
1119 3114 1274 3168 Lanuvium
1290 3130 1337 3183 ge·

200 3193 224 3240 6.
253 3194 315 3257 quis
336 3189 477 3258 ‘vermoga
497 3188 602 3242 deren'.
781 3187 885 3258 btirtig,
899 3190 982 3241 unter
995 3189 1139 3257 Augustus
1149 3184 1266 3251 Konsul‚
1280 3202 1340 3238 war

199 3273 223 3322 9,
261 3275 311 3322 aut
333 3267 391 3321 fast
409 3295 442 3313 =
461 3275 494 3335 ee,
523 3285 543 3322 s,
568 3286 602 3321 zu
626 3276 650 3334 1,
680 3273 722 3323 16,
779 3258 910 3313 Erzieher
921 3259 969 3312 des
980 3258 1067 3312 Gaius
1078 3257 1180 3312 Caesar
1191 3256 1247 3309 und
1257 3256 1337 3309 awei-

163 3338 216 3392 Die
231 3338 424 3408 disjunktiven
433 3339 578 3393 Partikeln
588 3338 724 3395 vertieren
778 3329 835 3383 mal
846 3329 1016 3413 Stattlralter
1026 3347 1081 3384 von
1093 3328 1190 3397 Syrien
1200 3343 1336 3396 gewesen.

165 3409 251 3464 senon
275 3409 322 3464 ser
348 3410 413 3464 uae.
439 3411 519 3464 nient
547 3411 635 3465 seron
663 3411 724 3465 rnre
778 3400 816 3454 Er
835 3402 912 3456 stsrb
931 3418 971 3454 nn
990 3401 1012 3454 J·
1029 3407 1072 3468 21,
1090 3399 1229 3478 rechten
1249 3398 1340 3451 erbe·

164 3481 255 3534 Kraft.
779 3472 894 3542 sttindig
912 3473 959 3525 die
979 3471 1070 3526 Gnnst
1091 3472 1141 3525 des
1159 3470 1272 3523 Karsers
1291 3485 1339 3538 ge-

202 3558 243 3608 10.
281 3558 384 3608 atroces
408 3553 566 3623 101οι01101)
585 3552 722 3607 drchend’
779 3560 888 3599 nossen.

164 3624 214 3677 der
232 3624 295 3677 eine
315 3623 385 3689 Tell,
412 3624 462 3678 der
480 3625 583 3678 andere
602 3627 662 3694 (cel)
682 3640 723 3678 oc·
815 3650 864 3704 31·
885 3656 908 3704 3·
929 3638 1005 3704 Uber
1023 3667 1084 3704 ,um
1102 3649 1156 3703 mit
1174 3649 1238 3701 dem
1251 3647 1339 3701 him.

163 3697 252 3750 cnltos
286 3695 522 3765 ‘geheimnisvcll’
562 3697 620 3749 und
653 3695 724 3750 eben
778 3721 890 3776 ήκω
908 3721 1031 3775 Infinqgi,
1051 3738 1072 3775 Β,
1091 3719 1163 3773 gin]¹
1184 3726 1198 3786 ξ
1218 3724 1260 3774 92,

165 3766 282 3820 deshalb
297 3766 470 3837 verdtichtig.
484 3767 548 3837 Vgl.
563 3784 597 3820 zu
612 3772 723 3834 c.12‚9.
816 3816 840 3864 4·
878 3813 1065 3877 exemimus,
1101 3810 1131 3862 ,n
1168 3808 1339 3863 deutfichem

201 3852 242 3901 12·
280 3850 401 3915 QWSW
433 3849 465 3900 111
496 3854 581 3917 “lim
611 3848 724 3901 mini·
780 3881 936 3950 Gegensatz
955 3890 989 3935 zu
1007 3884 1140 3951 voluptas.
1163 3880 1216 3933 Die
1234 3880 1341 3949 cppige

165 3917 725 4059 rerurrectione
780 3951 1340 4090 iriacinerarius

164 4061 275 4115 inceste.
302 4059 379 4114 Dcch
399 4061 530 4115 kommen
543 4060 725 4114 Ausnahmen
780 4095 1147 4149 ,01derpslresganden¹
1185 4094 1253 4148 Apso
1277 4094 1341 4147 dem

165 4130 427 4257 chffliaariieqldem
445 4132 549 4186 Prozess
569 4148 658 4202 gegen
679 4131 725 4186 die
781 4166 865 4221 Sim,
883 4167 956 4220 nach
975 4194 1009 4211 =
1025 4173 1174 4234 pertaesus,

204 4279 243 4328 13.
268 4280 388 4343 repertor
411 4274 484 4329 auch
502 4281 528 4341 4,
549 4280 590 4327 11.
611 4279 643 4329 71
667 4274 726 4327 und
816 4262 849 4340 ⁶3
870 4273 931 4310 mm
954 4272 1063 4339 11811811»,
1088 4255 1188 4325 gehfifi
1211 4272 1246 4307 ΖΠ
1270 4270 1340 4308 ever·

166 4345 253 4399 schcn
271 4345 318 4400 bei
337 4344 443 4400 Sallust
461 4345 526 4399 hist.
547 4351 571 4412 4,
592 4351 625 4398 19
644 4345 691 4399 Kr.
781 4329 906 4382 1911111113-
927 4357 960 4366 -
979 4328 1082 4393 ferali&
1103 4344 1123 4379 θ’
1143 4344 1176 4379 2¹1
1196 4342 1218 4380 θ·
1235 4330 1277 4391 75,
1298 4330 1322 4377 6·

204 4422 245 4470 14.
271 4417 327 4470 Der
346 4423 421 4471 actor
438 4418 574 4485 publicus,
594 4416 655 4469 eine
674 4417 727 4470 Art
817 4421 841 4468 9.
866 4416 1033 4470 adseveratio
1047 4415 1086 4469 ist
1099 4414 1161 4467 hier
1175 4415 1224 4466 der
1239 4410 1340 4465 Schein

167 4485 370 4542 Staatsanwalt
387 4488 478 4557 (nicht
490 4488 590 4541 immer
606 4486 726 4555 Sidere),
782 4486 831 4540 des
850 4485 974 4553 Ernstes,
992 4485 1046 4538 wie
1064 4491 1090 4551 4,
1110 4490 1151 4537 19.
1172 4490 1196 4549 6,
1216 4488 1241 4535 2.

1093 4571 1128 4622 8*
