3092 4834
551 242 660 296 mana
678 242 700 297 1.
735 241 813 298 011³.
832 246 948 297 43-43.
1295 242 1338 307 73

159 429 227 471 non
251 405 401 471 omittere
423 409 520 489 caput
542 428 649 470 rerum
666 426 772 490 neque
791 427 974 490 seramque
992 404 1156 489 publicam
1175 405 1210 470 in
1228 427 1338 471 casum

163 495 246 561 dare.
292 494 395 560 multa
427 496 546 579 quippe
578 497 611 558 et
643 494 769 559 diversa
801 494 975 579 angebant:
1007 493 1145 559 validior
1176 517 1235 578 per
1262 493 1338 559 Gar-

161 585 301 649 maniam
334 584 505 669 exeroitus,
542 582 675 667 propior
707 582 793 667 apud
823 582 1037 668 Pannoniam,
1073 583 1128 647 ille
1162 582 1338 649 Galliarum

161 673 278 757 opibus
301 672 471 756 subnixae,
502 671 556 737 hio
577 669 692 736 Italiae
715 672 886 737 inminens:
911 694 992 755 quos
1019 672 1121 757 igitur
1144 673 1338 737 anteferret?
1366 698 1379 738 s

163 784 201 826 ac
222 784 263 827 ne
285 762 461 847 postpositi
484 761 677 826 contumelia
699 759 953 825 incenderentur.
986 765 1020 825 at
1038 783 1095 844 per
1114 760 1200 825 lilios
1219 763 1340 845 pariter

163 850 246 915 adiri
267 850 436 916 maiestate
460 850 557 934 salva,
579 851 632 915 cni
654 850 758 914 maior
781 871 798 913 e
821 848 1005 934 longinquo
1022 850 1210 914 reverentia.
1243 849 1340 915 simul

161 939 420 1008 adulescentibus
444 943 631 1004 excusatum
655 938 811 1023 quaedam
834 938 875 1001 ad
897 942 1022 1022 patrem
1040 939 1168 1023 reicere,
1191 939 1338 1003 resisten-

163 1029 273 1113 tisque
297 1027 486 1093 Germanico
516 1032 571 1092 aut
593 1027 702 1092 Druso
730 1049 825 1112 posse
852 1049 871 1090 a
894 1049 928 1092 se
951 1028 1095 1113 mitigari
1118 1027 1170 1092 vel
1191 1028 1339 1114 infringi:

164 1118 252 1202 quod
278 1116 367 1181 aliud
394 1116 589 1199 subsidium,
621 1116 650 1182 si
677 1117 904 1200 imperatorem
933 1116 1152 1201 sprevissent?
1197 1121 1339 1182 ceterum
1353 1144 1381 1182 ro

163 1210 200 1271 ut
228 1206 293 1270 iam
320 1206 450 1291 iamque
472 1206 578 1270 iturus
600 1203 681 1292 legit
708 1205 857 1288 comites,
884 1205 1080 1290 conquisivit
1102 1205 1342 1291 impedimenta,

163 1295 334 1360 adornavit
350 1317 461 1360 naves:
485 1316 562 1359 mox
578 1293 719 1358 hiemem
737 1298 794 1358 aut
812 1295 943 1378 negotia
961 1295 1049 1374 varie
1067 1298 1217 1374 causatus
1235 1295 1340 1379 primo

160 1384 344 1469 prudentes,
368 1384 443 1448 dein
464 1383 609 1469 vulgum,
632 1383 814 1448 diutissime
836 1383 1019 1468 provincias
1041 1383 1166 1448 fefellit.

249 1472 295 1538 At
324 1470 546 1557 Germanicus,
579 1494 775 1557 quamquam
804 1475 970 1537 contracto
998 1473 1141 1539 exercitu
1169 1477 1201 1537 et
1227 1472 1393 1558 parata48

159 1563 194 1626 in
216 1562 394 1627 defectores
417 1561 555 1647 ultione,
578 1560 718 1626 dandum
741 1560 847 1625 adhuc
870 1561 1010 1645 spatium
1032 1566 1138 1646 ratus,
1168 1562 1196 1626 si
1218 1562 1339 1627 recenti

159 1650 304 1735 exemplo
328 1651 391 1715 sibi
414 1650 478 1736 ipsi
502 1649 715 1734 consulerent,
741 1650 922 1733 praemittit
945 1649 1072 1715 litteras
1095 1650 1136 1715 ad
1159 1649 1337 1734 Caecinam,

159 1739 268 1804 venire
292 1761 326 1804 se
348 1739 454 1804 valida
476 1761 574 1804 manu
597 1761 642 1825 ac,
664 1737 700 1804 ni
723 1738 919 1823 supplicium
943 1739 978 1804 in
1000 1738 1103 1804 malos
1121 1744 1337 1824 praesumant,

158 1850 293 1893 usurum
320 1829 480 1912 promisca
508 1827 611 1893 caede.
657 1849 710 1892 eas
739 1826 877 1893 Caecina
902 1827 1082 1913 aquiliferis
1111 1828 1338 1915 signiferisque
1366 1853 1380 1893 a

159 1921 191 1981 et
215 1917 302 2002 quod
323 1918 462 1983 maxime
486 1920 664 1982 castrorum
683 1917 844 1981 sincerum
863 1922 933 1981 erat
951 1917 1076 1983 occulte
1094 1918 1218 2004 recitat,
1236 1921 1337 2003 utque

159 2010 292 2071 cunctos
324 2006 489 2089 infamiae,
522 2027 556 2070 se
587 2005 676 2089 ipsos
703 2006 803 2070 morti
830 2007 973 2071 eximant
998 2006 1161 2072 hortatur:
1197 2030 1273 2073 nam
1303 2007 1338 2071 in

158 2116 239 2178 pace
262 2117 376 2160 causas
399 2099 431 2158 et
454 2095 570 2159 merita
593 2095 744 2180 spectari3
767 2095 824 2158 ubi
847 2094 969 2159 bellum
987 2095 1127 2181 ingruat,
1149 2097 1337 2162 innocentes

158 2204 195 2247 aa
222 2184 339 2247 noxios
367 2184 457 2248 iuxta
480 2182 600 2248 cadere.
646 2181 696 2247 illi
718 2184 886 2267 temptatis
914 2206 996 2268 quos
1019 2185 1152 2249 idoneos
1175 2185 1337 2270 rebantur,

158 2276 333 2355 postquam
355 2272 510 2336 maiorem
533 2270 698 2355 legionum
722 2275 847 2355 partem
870 2272 905 2336 in
927 2271 1035 2337 officio
1058 2273 1182 2357 vident,
1206 2274 1245 2339 de
1268 2297 1337 2339 sen-
1352 2299 1379 2338 io

157 2359 261 2425 tentia
290 2359 390 2446 legati
421 2363 568 2424 statuunt
597 2364 740 2444 tempus,
773 2381 837 2444 quo
866 2360 1090 2427 foedissimum
1119 2384 1278 2447 quemque
1306 2367 1337 2427 et

160 2448 313 2514 seditioni
340 2453 528 2533 promptum
555 2448 642 2513 ferro
670 2447 833 2513 invadant.
878 2454 957 2514 tunc
980 2451 1074 2535 signo
1097 2451 1183 2514 inter
1206 2473 1239 2515 se
1263 2451 1338 2515 dato

193 2647 217 2695 2.
239 2659 266 2697 ee
283 2643 317 2697 m
334 2660 428 2698 cosam
446 2642 514 2696 dare
531 2640 570 2695 ist
588 2641 652 2696 eine
669 2657 725 2695 neu
757 2641 832 2698 ,und
846 2640 933 2696 Casas
945 2659 1000 2696 nur
1011 2641 1272 2713 inVerbindungen
1285 2641 1338 2697 wie

159 2711 303 2783 gebildete
320 2713 434 2768 Phrasc.
774 2712 812 2766 ad
833 2714 893 2767 Aac
917 2719 942 2782 2,
962 2718 1003 2780 18,
1023 2720 1039 2767 3
1064 2732 1105 2769 nse
1127 2720 1212 2780 tueor,
1238 2721 1270 2770 ut
1290 2731 1337 2784 op

194 2790 219 2839 3.
255 2787 355 2854 quippe
377 2784 407 2839 in
431 2783 609 2852 anastrophe
632 2786 725 2837 suerat
771 2785 873 2854 pressis
898 2786 1037 2852 maetas,
1068 2802 1125 2840 noa
1151 2786 1276 2853 mmmm,
1306 2793 1339 2841 at

157 2855 225 2925 Agr.
243 2860 273 2922 3,
296 2856 373 2910 dann
398 2855 471 2910 auch
494 2872 559 2910 ann.
579 2860 666 2922 2,13.
692 2860 727 2909 33
772 2857 859 2910 tamis
881 2857 961 2911 rebus
982 2857 1075 2928 pectis,
1096 2874 1200 2926 pamm
1221 2858 1337 2924 furtim,

156 2924 215 2978 und
239 2926 321 2994 oster,
347 2926 421 2981 fehlt
442 2925 473 2979 in
496 2926 552 2981 den
572 2924 725 2994 Historien,
773 2925 801 2980 b.
825 2927 857 2981 G.
881 2930 977 2996 3,13,
1001 2933 1018 2981 3
1046 2928 1111 2983 laeti
1137 2935 1168 2983 at
1195 2928 1338 2998 caparam

157 2996 254 3068 htufig
280 2997 320 3052 im
349 2996 515 3067 Spttlatein.
548 3027 583 3039 —
612 3014 663 3067 per
690 3028 724 3038 -
770 2998 900 3064 victoria,
932 2997 1012 3052 nicht
1043 2997 1097 3052 mit
1127 2998 1203 3054 Part.
1236 2999 1336 3067 futuri3

157 3068 246 3136 apsari,
279 3067 482 3123 willlrfirlicher
512 3066 644 3123 Weohsel
675 3067 725 3123 der
770 3068 826 3123 seit
843 3067 938 3123 Livius
956 3069 1090 3140 htufiger.

156 3138 378 3209 Prbpositionen.
416 3139 488 3193 llinl.
509 3146 524 3205 5
543 3144 586 3195 30.
807 3144 849 3194 13.
888 3141 1008 3210 culpam.
1049 3140 1133 3198 Diese
1168 3142 1250 3196 Form
1287 3143 1337 3198 des

193 3216 217 3265 3.
237 3228 304 3280 quos
321 3213 393 3265 statt
410 3218 495 3279 amos,
513 3209 567 3264 wie
586 3215 611 3278 3,
627 3218 641 3264 1
657 3211 726 3280 qaid
768 3210 891 3278 illilus,
909 3211 957 3266 bei
975 3211 1032 3273 Cic.
1050 3211 1178 3282 fehlend,
1201 3213 1253 3268 hat
1270 3213 1336 3269 Tac.

151 3296 207 3350 pro
234 3288 286 3337 um
337 3300 351 3337 e
377 3284 460 3351 soret,
487 3280 598 3336 uberall
625 3282 723 3348 selten,
768 3281 874 3353 haufig.

157 3350 230 3407 doch
253 3369 282 3407 sc
303 3369 340 3407 on
361 3352 408 3408 bei
431 3352 528 3408 Cicero
556 3356 617 3422 (pro
640 3353 721 3408 Rosa.
805 3351 854 3408 48.
883 3359 908 3408 3.
930 3354 1055 3422 Caecina,
1075 3373 1096 3409 s.
1116 3373 1138 3409 c.
1159 3361 1191 3411 31
1200 3355 1240 3425 fg.

157 3438 227 3476 eom.
248 3429 273 3488 7,
291 3429 335 3493 21,
358 3423 417 3479 Aa.
437 3429 542 3493 13,14,
562 3431 586 3492 1,
611 3424 677 3478 fam.
698 3428 722 3491 7,
806 3429 829 3478 7.
848 3426 963 3481 colmere
981 3425 1034 3479 mit
1052 3426 1116 3480 dem
1134 3426 1220 3480 Datis
1237 3428 1281 3495 (st.
1301 3445 1336 3483 ec

157 3498 187 3559 3,
212 3496 247 3563 1),
271 3493 350 3548 Gaas.
373 3494 401 3549 b.
420 3494 453 3550 G.
477 3499 518 3564 (3,
543 3501 592 3562 44,
615 3499 643 3566 2)
664 3495 723 3549 und
768 3496 837 3549 oder
855 3496 897 3565 dc)
916 3499 1009 3550 zuerst
1027 3496 1073 3552 bei
1091 3496 1189 3567 Vergil
1212 3498 1290 3567 (Aen.
1311 3504 1336 3568 3,

155 3563 240 3635 Verg.
254 3564 324 3619 Aen.
343 3567 476 3632 (12119.
493 3568 563 3636 727),
583 3565 658 3620 dann
676 3565 723 3620 bei
768 3568 841 3636 447),
860 3567 936 3621 deun
953 3568 994 3621 im
1011 3567 1152 3623 silbernen
1172 3568 1280 3623 Latein.

156 3633 723 3705 Liv.21,asquaeparraqmadaeaet,s,a
806 3642 830 3691 3.
870 3639 952 3693 iacto
981 3638 1044 3693 hier
1076 3643 1147 3694 statt
1173 3641 1337 3710 mammeae.

192 3712 217 3761 3.
240 3724 274 3763 ac
290 3724 333 3762 nc.
363 3707 422 3761 Ans
440 3707 505 3761 dem
522 3708 723 3779 votaufgehen-
768 3707 836 3764 Dies
854 3709 976 3776 Adverb,
995 3728 1049 3765 von
1062 3710 1177 3766 Tacitus
1196 3711 1293 3782 haufig
1306 3712 1336 3765 in

155 3778 211 3832 den
238 3780 377 3851 neqeunt
402 3778 441 3833 ist
469 3778 519 3860 der
540 3778 650 3850 Begriff
673 3780 723 3834 des
768 3779 985 3851 ubertragenem
999 3781 1085 3836 Sinna
1102 3781 1267 3906 pebraucht,
1285 3781 1335 3837 ha·

155 3849 311 3904 Furchtens
330 3867 365 3904 aa
383 3867 436 3919 sup
457 3850 554 3904 lieren.
767 3850 825 3905 ben
847 3850 892 3906 die
911 3852 1053 3907 aroheren
1076 3869 1106 3908 se
1118 3857 1166 3908 len
1185 3854 1244 3907 und
1262 3870 1336 3908 zuar

191 3926 216 3975 8.
235 3928 400 3977 caumatum.
423 3868 721 3976 Sbnurimsilbernen
767 3922 945 3993 gewohnlioh
967 3924 1021 3978 mit
1044 3942 1077 3979 ue
1098 3927 1136 3993 si,
1159 3932 1253 3995 atque,
1275 3943 1336 3996 qao,

154 3990 269 4060 Latein,
295 3992 350 4048 wie
373 3998 403 4061 3,
426 3998 460 4046 68
486 4010 539 4061 quo
566 3994 722 4049 mensuum
766 4001 800 4062 et,
818 4012 909 4064 qaam,
927 4013 996 4051 cam.

155 4063 355 4133 temperentur,
379 4062 450 4118 Plin.
470 4079 513 4132 ep.
533 4069 559 4132 2,
578 4070 622 4130 21,
640 4070 657 4116 3
675 4081 720 4120 ec·
803 4071 846 4120 10.
878 4074 1024 4136 postquarie
1047 4066 1101 4119 mit
1125 4067 1188 4120 dem
1214 4066 1334 4123 Prasens

154 4136 277 4190 meatim
294 4135 392 4202 facien
411 4139 437 4202 4,
456 4140 482 4203 3,
500 4139 526 4188 4.
766 4138 931 4192 renuidem
950 4136 1022 4191 auch
1043 4143 1084 4204 14,
1104 4142 1147 4206 30,
1165 4138 1231 4193 hist.
1251 4144 1277 4206 4,
1291 4145 1335 4194 37.

192 4211 233 4260 11.
260 4212 292 4261 at
306 4237 340 4246 —
355 4207 453 4274 ituras,
471 4204 546 4260 nach
565 4204 630 4260 dem
649 4206 721 4276 guie-
767 4207 879 4263 Ebenso
901 4207 948 4262 bei
966 4208 1122 4278 Frdheren,
1145 4208 1197 4262 uie
1216 4207 1334 4265 Plautus

154 4274 286 4330 chisehen
306 4277 343 4339 ὡς
364 4276 418 4331 mit
434 4275 573 4345 Partiaip3
599 4293 630 4331 so
649 4277 721 4331 auch
766 4279 825 4332 und
844 4278 956 4345 Terens,
976 4278 1083 4334 Sallust
1100 4279 1158 4334 und
1177 4277 1280 4334 Iiivius.

156 4354 182 4414 4,
197 4352 324 4403 Stator
395 4347 498 4416 ahiat.
514 4353 538 4414 3,
553 4353 588 4402 63
604 4349 720 4417 atposi·
748 4386 751 4390 «
775 4397 780 4405 .
804 4356 846 4406 12.
876 4358 1041 4418 promptam.
1073 4337 1149 4405 liber
1166 4351 1218 4405 das
1237 4349 1336 4404 Erlah·

154 4425 241 4473 meur.
265 4417 348 4473 Feht
365 4417 413 4474 bei
431 4417 546 4487 Sallust,
564 4418 612 4472 bei
626 4418 721 4473 Cicero
766 4437 832 4475 men
856 4420 906 4475 der
929 4421 1098 4491 Steigerung
1120 4442 1141 4476 s.
1161 4439 1196 4473 zu
1215 4427 1240 4487 2,
1265 4425 1290 4485 3,
1308 4427 1334 4471 4.
