3092 4834
518 212 704 267 113111111-
731 212 809 268 ctP.
830 220 946 269 ao-ao.
1258 216 1323 281 299

145 377 215 441 vita
233 376 418 458 probrosus.
459 375 542 439 nihil
565 375 651 439 hunc
674 375 819 440 amicitia
838 375 957 459 Seiani,
980 377 1036 441 sed
1058 378 1211 444 labefecit
1234 378 1320 444 haud
1397 442 1399 447 .

147 465 254 528 minus
282 464 424 529 validum
457 464 499 528 ad
527 463 625 528 exitia
652 463 815 528 Macronis
844 464 968 548 odium,
996 466 1051 550 qui
1078 467 1206 531 easdem
1235 471 1319 533 artes
1342 485 1375 535 lo

147 553 303 618 occultius
337 553 520 636 exercebat,
558 551 781 636 detuleratque
814 557 1041 637 argumentum
1077 554 1264 639 tragoediae
1301 579 1320 620 a

147 641 270 706 Scauro
294 641 443 726 scriptae,
466 640 583 706 additis
607 641 763 724 versibus,
787 641 843 725 qui
865 643 899 706 in
918 641 1082 706 Tiberium
1104 642 1320 709 flecterentur.

147 751 259 794 verum
284 730 324 794 ab
345 728 481 794 Servilio
501 732 534 793 et
553 728 703 794 Cornelio
723 731 969 794 accusatoribus
989 729 1182 795 adulterium
1202 730 1322 814 Liviae,

147 839 318 903 magorum
345 839 436 883 sacra
459 818 716 885 obiectabantur.
764 816 918 901 Scaurus,
941 823 978 882 ut
1000 819 1133 903 dignum
1157 819 1323 884 veteribus

147 906 310 985 Aemiliis,
339 907 577 970 damnationem
611 907 739 988 anteiit,
770 907 924 971 hortante
953 904 1063 971 Sextia
1094 929 1208 990 uxore,
1241 930 1322 992 quae
1342 925 1376 974 aa

146 994 392 1060 incitamentum
418 995 533 1059 mortis
557 999 590 1059 et
611 995 776 1079 particeps
799 995 872 1060 fuit.

237 1083 285 1148 Ao
312 1087 422 1147 tamen
450 1088 668 1168 accusatores,
690 1083 719 1148 si
745 1084 886 1149 facultas
914 1083 1084 1166 incideret,
1105 1084 1219 1172 poenis
1247 1084 1322 1149 adfi·
1334 1087 1377 1151 30

148 1173 332 1256 ciebantur,
364 1177 402 1235 ut
432 1169 586 1237 Servilius
617 1169 848 1256 Corneliusque
880 1172 1006 1256 perdito
1040 1169 1162 1237 Scauro
1195 1173 1323 1256 famosi,

149 1261 224 1344 quia
242 1261 414 1343 pecuniam
439 1259 578 1325 aVario
601 1259 721 1344 Ligure
745 1261 944 1325 omittendae
968 1261 1138 1325 delationis
1162 1265 1324 1346 ceperant,

147 1349 182 1413 in
200 1349 327 1413 insulas
346 1349 519 1414 interdicto
538 1349 608 1432 igni
628 1353 725 1433 atque
749 1371 834 1434 aqua
852 1349 975 1413 demoti
998 1354 1082 1413 sunt.
1125 1354 1157 1414 et
1176 1348 1322 1414 Abudius

149 1436 238 1502 Ruso
257 1437 388 1502 functus
408 1437 584 1521 aedilitate,
600 1438 675 1502 dum
691 1437 831 1502 Lentulo
846 1437 1025 1520 Gaetulico,
1039 1437 1100 1502 sub
1120 1459 1184 1523 quo
1202 1439 1322 1522 legioni
1361 1457 1376 1503 s

149 1527 348 1609 praefuerat,
370 1527 548 1609 periculum
576 1525 721 1605 facessit,
746 1525 832 1611 quod
859 1526 887 1591 is
912 1525 1021 1590 Seiani
1043 1527 1146 1591 filium
1170 1548 1323 1612 generum

151 1614 355 1698 destinasset,
373 1616 459 1680 ultro
478 1615 653 1679 damnatur
672 1619 769 1700 atque
793 1615 872 1678 urbe
892 1615 1041 1698 exigitur.
1079 1613 1264 1680 Gaetulicus
1286 1637 1324 1679 ea

149 1706 342 1784 tempestate
376 1703 551 1785 superioris
580 1702 773 1768 Germaniae
806 1705 950 1788 legiones
981 1703 1116 1768 curabat
1144 1704 1324 1786 mirumque

151 1811 294 1854 amorem
319 1789 487 1855 adsecutus
511 1796 590 1875 erat,
613 1792 733 1857 effusae
757 1793 958 1876 clementiae,
981 1793 1127 1857 modicus
1151 1794 1324 1857 severitate

152 1881 184 1942 et
212 1878 359 1961 proximo
389 1899 515 1962 quoque
543 1882 696 1944 exercitui
727 1903 785 1963 per
813 1881 848 1945 L.
877 1881 1057 1964 Apronium
1084 1902 1230 1946 socerum
1258 1902 1325 1945 non
1345 1897 1379 1944 10

151 1967 308 2050 ingratae.
358 1966 442 2028 unde
474 1966 562 2029 fama
594 1971 747 2032 constans
779 1991 894 2033 ausum
923 1971 1052 2034 mittere
1085 1971 1125 2034 ad
1153 1968 1324 2035 Gaesarem

150 2055 289 2138 litteras,
308 2053 507 2118 adfinitatem
531 2054 595 2118 sibi
618 2076 691 2118 cum
710 2052 827 2120 Seiano
850 2057 938 2120 haud
962 2062 1087 2141 sponte,
1111 2060 1166 2123 sed
1190 2059 1325 2124 consilio

151 2142 273 2207 Tiberii
305 2145 467 2226 coeptam,
504 2142 636 2225 perinde
673 2164 708 2206 se
737 2165 835 2227 quam
868 2144 1033 2210 Tiberium
1067 2147 1137 2211 falli
1168 2148 1325 2232 potuisse,

149 2252 254 2316 neque
274 2253 414 2295 errorem
439 2230 576 2295 eundem
599 2231 650 2294 illi
673 2230 741 2295 sine
764 2230 887 2313 fraude,
911 2233 983 2296 aliis
1008 2235 1107 2298 exitio
1130 2236 1324 2300 habendum.

151 2320 214 2384 sibi
234 2319 330 2384 fidem
353 2320 513 2403 integram
537 2323 579 2403 et,
603 2319 631 2383 si
653 2320 749 2384 nullis
773 2319 900 2384 insidiis
925 2324 1097 2403 peteretur,
1120 2344 1322 2406 mansuram,
1347 2339 1378 2388 15

151 2429 368 2473 successorem
392 2429 458 2472 non
478 2408 574 2473 aliter
592 2430 689 2493 quam
707 2406 862 2473 indicium
883 2409 997 2473 mortis
1016 2415 1232 2493 accepturum.
1273 2413 1327 2474 fir-

150 2501 278 2561 marent
297 2497 386 2561 velut
407 2496 529 2581 foedus,
553 2519 617 2581 quo
640 2497 792 2581 princeps
816 2503 996 2562 ceterarum
1019 2519 1127 2561 rerum
1150 2502 1326 2583 poteretur,

149 2587 220 2669 ipse
242 2585 442 2670 provinciam
467 2586 628 2651 retineret.
669 2586 760 2670 haec,
779 2586 862 2650 mira
880 2608 1087 2671 quemquam,
1105 2586 1202 2650 fidem
1225 2609 1263 2651 ex
1288 2608 1325 2652 eo

189 2746 231 2795 14.
257 2742 304 2795 sed
331 2742 462 2808 tabefecit.
503 2741 561 2796 Das
586 2740 711 2795 Verbum
764 2741 864 2796 uomit
886 2757 917 2795 er
940 2743 991 2796 auf
1006 2743 1062 2796 den
1080 2741 1255 2797 Selbstmord
1275 2745 1325 2797 des

151 2810 188 2865 ist
216 2812 290 2864 nach
318 2810 535 2865 dicbtorisehem
562 2810 711 2865 Gabrauoh
764 2813 839 2883 Ajax
856 2813 1004 2881 anspielte.

151 2882 182 2934 in
212 2881 266 2935 den
293 2880 409 2935 aweiten
438 2880 502 2936 Sata
529 2882 710 2948 verschoben,
801 2883 850 2938 30.
869 2890 893 2939 3.
931 2884 1034 2939 Varius
1048 2883 1139 2955 Ligur
1158 2884 1227 2939 wird
1245 2889 1271 2953 4,
1290 2890 1324 2939 42

151 2952 205 3006 wie
226 2951 293 3006 hist.
317 2957 347 3020 1,
370 2956 403 3005 83
427 2969 512 3022 aeque
534 2959 566 3007 ut
588 2954 712 3018 adfectus
766 2953 809 3007 als
828 2955 936 3009 adulter
950 2955 1000 3009 der
1012 2954 1128 3023 Aquilia
1141 2956 1275 3010 eruahnt.
1291 2986 1325 2996 —

150 3029 251 3078 cedros
273 3025 306 3078 iu
327 3039 445 3078 amorem
462 3024 515 3078 mei
532 3024 711 3092 concederem,
765 3026 928 3080 omittendae
951 3027 1110 3095 delationis,
1136 3028 1205 3081 uber
1228 3027 1325 3083 diesen

150 3111 236 3164 aeque
249 3100 281 3149 ut
294 3095 419 3149 auimum
432 3097 470 3150 ad
482 3097 711 3150 eututemeabor·
766 3095 886 3151 Genetir
903 3115 925 3152 s.
944 3096 1016 3151 Einl.
1035 3103 1058 3164 §.
1079 3103 1140 3155 108.

150 3171 234 3233 turer,
253 3167 300 3221 sed
317 3167 380 3221 veui
394 3167 595 3235 postulaturus.
801 3172 827 3221 4.
845 3167 976 3223 Abudius
993 3170 1031 3223 ist
1048 3170 1220 3226 unbekannt.

187 3241 229 3289 15.
258 3242 342 3305 aues,
373 3236 448 3290 denn
475 3255 504 3291 es
532 3237 612 3305 giebt
639 3236 711 3292 auch
803 3244 828 3292 b.
855 3226 930 3292 llber
955 3239 1091 3294 Lentulus
1116 3239 1277 3295 Gaetulicus
1305 3259 1326 3293 s.

151 3307 241 3360 malae
259 3312 338 3361 artes.
765 3327 800 3362 zu
819 3314 845 3375 4,
864 3314 907 3361 42.

190 3381 232 3431 16.
248 3378 412 3447 tragoediae.
445 3374 501 3429 Das
516 3377 604 3431 aanor
617 3376 712 3432 fubrte
803 3385 828 3433 8.
847 3394 945 3432 curare
965 3377 1161 3445 ‘befehligen’,
1180 3378 1233 3430 wie
1249 3383 1272 3445 1,
1292 3384 1326 3430 31

153 3446 208 3500 den
239 3445 314 3500 Titel
343 3446 468 3501 ‘Atreus’
501 3446 559 3500 und
592 3446 714 3502 enthielt
765 3449 924 3515 inferiorem
939 3448 1120 3570 aScarercitum)
1142 3445 1179 3501 A.
1210 3447 1329 3502 Ouedra

152 3516 247 3571 ausser
279 3517 400 3571 anderen
427 3517 638 3587 Auspielungen
665 3519 715 3572 auf
766 3520 895 3586 euadat,
918 3516 937 3571 S
968 3518 985 3572 l.
1003 3516 1067 3587 Jug.
1088 3522 1153 3586 100,
1173 3523 1188 3570 2
1208 3519 1328 3573 roburea

152 3587 199 3641 die
233 3586 481 3643 Zaitverhtltnisse
518 3587 600 3642 einen
631 3588 712 3657 Vers,
765 3590 906 3659 Ligurum
924 3590 1046 3644 amabat.

152 3657 268 3713 ahnlich
295 3658 361 3712 dem
384 3659 432 3712 des
455 3658 602 3728 Euripides
624 3659 711 3716 Phon.
804 3666 845 3715 10.
860 3659 1005 3728 Apronius
1018 3659 1087 3714 wird
1103 3659 1189 3712 sehon
1202 3659 1241 3711 im
1252 3658 1276 3713 J.
1292 3664 1327 3712 28

152 3736 205 3785 396
229 3725 280 3792 τὰς
301 3730 357 3783 τῶν
380 3729 561 3800 κρατούντων
582 3727 713 3800 ἀμαθίας
767 3731 810 3786 als
837 3729 989 3800 propretor
1020 3746 1076 3785 von
1103 3729 1255 3784 Germania
1283 3729 1327 3783 in-

153 3799 253 3871 φέρειν
271 3797 368 3870 χρεών.
766 3802 852 3856 ferior
878 3801 1018 3869 erwbhnt,
1046 3806 1078 3871 4,
1102 3807 1145 3855 73.
1186 3798 1237 3853 Ala
1259 3800 1326 3854 Pro·

189 3878 232 3927 18.
251 3872 337 3927 Livia
354 3870 393 3925 ist
412 3871 457 3924 die
477 3870 591 3940 nivilla,
610 3872 713 3926 dicim
767 3871 870 3926 konsul
887 3889 942 3927 von
960 3870 1060 3927 Afrilra
1079 3874 1197 3942 (la—ao
1211 3888 1236 3925 n.
1252 3871 1328 3938 Chr.)

152 3942 177 3996 J.
197 3948 230 3997 31
251 3944 361 4011 getbtet
378 3942 492 3997 worden
505 3958 572 4008 war,
591 3942 656 3997 weil
673 3942 713 3997 sie
768 3959 827 3998 war
850 3961 880 3998 er
902 3944 952 3998 der
969 3943 1135 4011 Vorganger
1152 3943 1202 3995 des
1227 3941 1327 3996 Blaene

152 4012 234 4068 ihren
262 4012 381 4067 Gemahl
409 4013 528 4082 Drusus,
555 4014 610 4068 den
638 4012 714 4068 Sohn
768 4031 906 4083 genesen.

154 4084 203 4137 des
223 4084 342 4154 Kaisers,
360 4084 494 4154 vergiftet
512 4085 600 4140 hatte.
806 4090 848 4140 13.
865 4086 981 4155 perinde
993 4101 1077 4153 quam
1091 4080 1146 4137 wie
1161 4089 1202 4151 16,
1222 4089 1255 4137 21
1271 4084 1328 4138 und

190 4157 463 4211 coadunationem
485 4157 592 4212 anteiit.
633 4156 715 4210 Naeh
769 4155 850 4211 dfter.

156 4223 269 4281 Cassius
286 4226 340 4282 Dio
363 4226 446 4281 sollte
465 4225 595 4282 Tiberius
615 4227 645 4281 in
663 4227 714 4281 Be·
806 4234 848 4283 14.
866 4227 1021 4281 babendum
1039 4223 1097 4279 fast
1111 4250 1144 4271 =
1159 4241 1213 4280 esse
1226 4227 1326 4280 datm.

155 4312 209 4380 aug
227 4296 278 4350 auf
288 4297 407 4352 Scaurus
426 4309 493 4367 gesa
514 4298 645 4352 thuben:
664 4296 714 4351 aul
807 4304 847 4352 18.
876 4298 948 4352 mira
975 4313 1147 4366 quamquam.
1184 4286 1260 4350 llber
1282 4295 1328 4349 die

156 4360 211 4435 ἔγω
249 4367 302 4421 viv
334 4369 440 4421 Αἴαντα
476 4364 566 4423 αυτὸν
597 4365 714 4435 ποιήσω,
768 4367 946 4435 Anastrophe
965 4385 988 4421 s.
1006 4384 1039 4421 an
1059 4372 1083 4436 5,
1102 4373 1127 4422 9.
