3092 4834
560 263 670 318 Lrnun
687 264 734 321 lv.
771 263 850 321 cnr.
869 270 981 322 55-51.
1290 267 1356 332 259

186 429 300 494 festior
322 428 370 493 vis
394 428 463 493 sine
486 428 670 492 levamento
694 428 920 512 grassabatur3
946 428 1208 513 corripueratque
1231 429 1357 496 Varum

184 513 392 594 Quintilium,
423 516 558 580 divitem
590 520 623 581 et
652 513 785 580 Caesari
814 515 1046 599 propinquum,
1076 515 1240 583 Domitius
1269 519 1357 599 Afer,

186 604 339 671 Claudiae
354 604 511 669 Pulchrae
531 604 646 668 matris
666 604 733 669 eius
748 603 988 686 condemnator,
1004 604 1096 670 nullo
1110 606 1258 690 mirante,
1271 607 1358 694 quod
1394 623 1411 672 5

187 693 242 759 diu
266 714 363 779 egens
386 702 419 758 et
441 696 535 777 parto
559 714 661 777 nuper
683 692 828 776 praemio
852 692 936 757 male
960 714 1037 756 usus
1060 693 1155 775 plura
1173 693 1214 757 ad
1233 695 1359 779 flagitia

186 783 416 868 accingeretur.
462 780 494 845 P.
519 781 723 846 Dolabellam
751 781 874 845 socium
902 780 1072 846 delationis
1097 782 1242 846 extitisse
1265 785 1359 847 mira·

185 872 256 936 culo
285 875 367 954 erat,
395 871 471 955 quia
498 871 594 935 claris
622 870 799 935 maioribus
828 873 862 933 et
883 867 973 935 Varo
1001 890 1142 934 conexus
1170 891 1262 934 suam
1289 870 1358 954 ipsc

184 959 403 1043 nobilitatem,
436 981 529 1023 suum
560 959 751 1044 sauguinem
781 957 943 1041 perditum
970 958 1050 1023 ibat.
1100 958 1222 1022 restitit
1249 962 1359 1023 tamen

183 1051 318 1113 senatus
356 1051 389 1111 et
425 1047 656 1131 opperiendum
693 1048 924 1129 imperatorem
962 1047 1100 1130 censuit,
1137 1046 1222 1129 quod
1258 1069 1358 1111 umun
1379 1064 1412 1113 10

184 1136 370 1220 urgentium
395 1137 555 1201 malorum
580 1135 754 1219 suffugium
778 1135 812 1199 in
835 1139 963 1217 tempus
987 1140 1066 1201 erat.

273 1222 321 1288 At
344 1222 463 1289 Caesar
490 1224 646 1289 dedicatis
674 1245 731 1307 per
754 1221 968 1308 Campaniam
989 1223 1134 1307 templis,
1162 1243 1359 1307 quamquam
1369 1222 1410 1287 67

185 1312 291 1378 edicto
317 1314 505 1396 monuisset,
527 1335 567 1377 ne
592 1313 665 1396 quis
689 1312 832 1397 quietem
851 1313 920 1376 eius
938 1314 1147 1395 inrumperet,
1169 1332 1360 1376 concursus-

185 1421 245 1483 que
266 1402 501 1485 oppidanorum
520 1401 679 1485 disposito
699 1401 802 1464 milite
821 1400 1079 1483 prohiberentur,
1097 1422 1231 1483 perosus
1251 1403 1360 1464 tamen

185 1489 362 1574 municipia
385 1494 418 1555 et
440 1489 587 1555 colonias
612 1488 786 1573 omniaque
809 1489 843 1553 in
867 1489 1045 1553 continenti
1069 1489 1141 1569 sita,
1164 1487 1306 1572 Capreas
1326 1510 1360 1553 se

183 1576 219 1640 in
241 1578 380 1643 insulam
404 1578 537 1657 abdidit,
560 1579 660 1642 trium
683 1578 809 1641 milium
832 1577 917 1643 freto
942 1576 983 1641 ab
1005 1578 1157 1641 extremis
1176 1576 1360 1642 Surrentini
1396 1592 1413 1640 5

185 1667 402 1747 promunturii
439 1667 624 1731 diiunctam.
680 1666 888 1731 solitudinem
926 1665 995 1730 eius
1026 1665 1187 1749 placuisse
1219 1665 1360 1730 maxime

184 1752 390 1836 crediderim,
418 1756 570 1838 quoniam
597 1755 825 1838 inportuosum
854 1755 939 1820 circa
967 1774 1055 1819 mare
1083 1758 1116 1817 et
1144 1755 1198 1819 vix
1225 1751 1360 1818 modicis

185 1841 325 1925 navigiis
349 1862 453 1923 pauca
476 1843 635 1907 subsidia:
663 1864 766 1928 neque
791 1843 953 1926 adpulerit
976 1843 1146 1928 quisquam
1169 1843 1234 1907 nisi
1257 1862 1359 1926 gnaro

89 1962 92 1966 ‡
185 1930 327 1995 custode.
364 1930 444 1993 caeli
464 1931 636 2014 temperies
656 1930 762 1995 hieme
782 1933 871 1996 mitis
890 1932 1019 1997 obiectu
1034 1932 1166 2014 moutis,
1185 1953 1248 2015 quo
1265 1952 1360 1996 saeva

185 2022 354 2082 ventorum
378 2021 540 2101 amentum
569 2021 675 2081 aestas
699 2020 733 2081 in
755 2019 921 2085 favonium
946 2021 1083 2086 obversa
1107 2023 1139 2084 et
1162 2024 1274 2104 aperto
1298 2019 1360 2085 cir·
1380 2035 1415 2084 lo

185 2126 259 2170 cum
281 2107 398 2191 pelago
422 2126 631 2190 peramoena3
653 2108 945 2192 prospectabatque
968 2109 1222 2193 pulcherrimum
1243 2110 1360 2194 sinum,

184 2198 359 2280 antequam
375 2193 533 2258 Vesuvius
553 2214 647 2258 mons
668 2194 837 2258 ardescens
856 2196 972 2260 faciem
992 2198 1054 2261 loci
1073 2203 1222 2264 verteret.
1260 2196 1360 2264 Grae·

220 2438 269 2494 66.
302 2445 326 2493 3.
360 2439 461 2506 Varus,
480 2438 526 2493 eiu
545 2438 620 2492 Sohn
640 2396 746 2492 desim
799 2439 897 2494 castris
915 2440 1060 2505 continuit,
1078 2455 1131 2509 quo
1149 2441 1281 2496 occultior
1296 2447 1362 2496 uret

184 2510 292 2564 1911.
312 2509 375 2564 Chr.
399 2509 558 2579 gafallcnen
581 2510 686 2576 Varus,
709 2508 747 2563 ist
799 2511 858 2564 nus
885 2511 1024 2565 aduentus,
1049 2540 1084 2550 -
1106 2512 1262 2579 inrumpere
1287 2512 1360 2567 uach

182 2580 234 2634 dar
253 2580 330 2636 Sohu
349 2583 399 2635 der
413 2580 533 2636 Claudia
546 2580 678 2648 Pulchra,
697 2580 747 2633 der
800 2578 937 2648 Analogia
965 2597 1019 2635 von
1046 2581 1112 2635 hist.
1138 2588 1161 2648 1,
1180 2586 1215 2635 82
1242 2583 1361 2637 miiitum

182 2650 304 2706 Eukelin
322 2653 371 2706 der
390 2651 516 2707 Octavia.
550 2652 577 2705 S.
596 2669 630 2705 au
644 2669 686 2721 op.
702 2655 744 2705 52.

218 2745 244 2792 4.
275 2727 351 2794 Uber
369 2740 510 2795 Domitius
528 2739 599 2807 Afer
618 2757 639 2794 s.
662 2738 744 2793 eben·

183 2808 319 2863 daselbst.

222 2894 246 2943 5.
280 2891 479 2957 condemnator,
499 2909 521 2944 s.
540 2897 565 2957 3,
580 2895 624 2944 36.

221 2975 245 3024 6.
274 2972 413 3039 praemio,
436 2967 560 3023 uiimlich
586 2970 634 3023 der
657 2967 746 3024 viertc

184 3039 246 3096 Teil
269 3058 325 3095 von
349 3042 412 3094 dem
431 3040 590 3109 Vermbgeu
614 3040 663 3094 der
685 3056 746 3094 ver·

182 3111 317 3165 urteilteu
353 3111 470 3166 Claudia
500 3110 629 3166 Pulchra.
679 3110 746 3179 Vgl.

181 3199 216 3235 au
235 3199 277 3252 cp.
298 3188 341 3238 20.

221 3266 246 3316 7.
278 3248 355 3316 Uber
373 3262 527 3332 Dolabella,
547 3263 601 3316 den
614 3262 747 3331 Besieger

182 3330 233 3384 des
251 3330 427 3400 Tacfarinas,
446 3351 467 3388 s.
482 3351 514 3386 au
529 3340 554 3399 3,
569 3339 613 3387 47.

222 3415 264 3463 11.
296 3413 329 3465 in
346 3416 450 3479 tempus
465 3411 659 3479 ‘einstweilem
679 3412 746 3466 seit

184 3479 301 3549 weilig',
321 3482 355 3534 cf.
376 3486 457 3548 6,11.

221 3558 268 3615 67.
312 3565 335 3614 1.
373 3561 492 3629 templis,
525 3560 649 3615 ntmlich
682 3562 747 3616 65111

183 3630 315 3699 iuppiter
337 3631 367 3686 in
388 3629 496 3699 Capua,
520 3630 584 3686 dem
602 3630 746 3701 Augustus

183 3701 214 3757 in
231 3701 313 3757 Nola.
347 3702 374 3756 S.
390 3717 433 3771 cp.
448 3708 491 3757 57.

221 3789 246 3838 2.
278 3784 337 3838 cius
360 3783 431 3836 statt
451 3798 543 3850 suam,
562 3782 616 3837 wie
633 3781 701 3838 hist.
720 3789 746 3851 2,

183 3859 199 3908 9
227 3854 308 3921 fidem
334 3869 446 3909 suorum
469 3855 606 3923 quondam
628 3854 747 3909 militum

183 3925 324 3990 inuocans,
342 3930 375 3980 ut
392 3941 453 3979 enm
470 3926 503 3978 in
520 3924 607 3980 Suria
625 3930 676 3980 aut
693 3928 746 3980 Ae·

183 4002 268 4067 pypto
288 3997 426 4062 sisterent,
449 3997 553 4051 orabat.
591 3996 679 4050 Nicht
697 4013 746 4065 ge·

183 4068 251 4122 rade
270 4067 360 4122 selten
377 4066 493 4121 beiden
508 4065 680 4121 Klassikern:
700 4067 746 4122 bei

185 4137 241 4193 Cic.
260 4157 282 4193 z.
297 4139 328 4193 B.
346 4138 381 4193 dc
396 4138 441 4192 off.
457 4142 481 4204 1,
497 4143 540 4205 30,
556 4143 607 4192 108
621 4138 679 4208 qui,
693 4154 747 4207 quo

183 4214 210 4262 et
227 4211 314 4264 tutior
331 4211 392 4265 eius
409 4212 468 4264 uita
485 4215 551 4264 esset
568 4215 593 4263 et
606 4211 674 4278 plus
692 4210 746 4263 uii-

184 4285 288 4347 quanto
301 4280 482 4349 reipublicae
529 4281 639 4347 adesset,
655 4281 746 4347 furere

184 4364 212 4403 se
234 4351 388 4416 simulauit,
411 4351 458 4404 bei
481 4297 558 4406 debs.
583 4370 606 4403 z.
625 4350 657 4406 B.
679 4351 706 4406 b.
722 4367 745 4404 c.

184 4424 212 4486 5,
231 4424 309 4489 50,5
337 4422 482 4490 Pompeius
509 4438 572 4477 suos
599 4437 688 4476 omnes
715 4423 747 4476 in

799 2652 916 2720 impetus
943 2667 977 2707 nc
1003 2653 1111 2718 foribus
1134 2652 1242 2720 quidem
1265 2652 1362 2708 Palati

800 2723 931 2777 coe'rn'tus
952 2739 1005 2791 quo
1028 2724 1120 2777 minus
1142 2724 1296 2777 conuiuium
1318 2725 1362 2778 in·

799 2799 962 2860 rumperent.

836 2869 860 2918 4.
883 2863 1019 2932 Capreas.
1048 2861 1160 2918 Cassius
1173 2863 1226 2917 Dio
1241 2865 1305 2932 sagt
1319 2868 1361 2931 57,

802 2940 848 2988 121
867 2932 996 2989 Tiberius
1015 2935 1056 2989 sei
1074 2934 1124 2989 der
1138 2933 1218 2990 Liria
1234 2951 1284 2989 aus
1298 2933 1363 2988 dem

800 3004 889 3074 Wege
913 3022 1073 3074 gegaugen,
1097 3000 1166 3060 ὥστε
1190 3006 1240 3059 nui
1263 2999 1292 3067 ἐς
1309 3002 1361 3075 τὴν

801 3078 934 3144 Knnpluu
966 3074 1006 3130 δι’
1035 3073 1148 3145 ἐκείνην
1180 3072 1232 3145 οὐχ
1260 3070 1362 3144 ἥκιστα

801 3148 981 3216 μεταστῆναι.
1005 3145 1085 3200 Doch
1097 3145 1362 3202 wardieserGrund

800 3235 854 3272 nur
870 3217 1096 3273 uehenstchlich.
1129 3217 1157 3272 S.
1172 3235 1216 3287 cp.
1231 3223 1274 3276 57.

836 3294 861 3343 8.
898 3290 1051 3344 subsidium
1084 3288 1293 3343 ‘Zufluchtsort'
1323 3289 1363 3345 ist

800 3360 830 3415 in
845 3360 937 3413 dieser
950 3359 1117 3427 Bedsutuug
1131 3359 1290 3414 Taciteisch
1304 3361 1362 3414 und

801 3432 860 3484 erst
876 3429 907 3483 in
926 3430 980 3484 deu
997 3429 1126 3483 Annalen
1144 3428 1313 3499 gebraucht:
1336 3436 1362 3499 2,

801 3505 849 3567 63;
865 3507 890 3567 3,
905 3506 939 3553 60
957 3503 1015 3555 und
1033 3501 1114 3556 oster.

837 3577 862 3625 9.
893 3573 1008 3638 5651565,
1027 3571 1077 3626 der
1094 3571 1237 3626 uatilrlich
1251 3571 1302 3626 aul
1313 3572 1363 3627 dar

800 3641 875 3696 Iusel
906 3641 1072 3712 autgastsllt
1102 3660 1167 3698 war.
1196 3672 1231 3683 —
1258 3643 1364 3699 obiectu

801 3713 877 3767 steht
896 3713 981 3767 echon
998 3714 1046 3767 bei
1060 3712 1137 3769 Caes.
1156 3713 1185 3768 b.
1200 3731 1222 3768 c.
1238 3719 1264 3780 2,
1280 3722 1322 3782 15,
1336 3720 1362 3768 4.

801 3814 836 3824 -
852 3785 960 3851 montis,
978 3784 1168 3839 11211115115111
1179 3785 1229 3839 der
1242 3784 1363 3854 felsigeu

799 3855 873 3909 Insel
892 3855 987 3911 selbst.

838 3931 879 3980 10.
908 3932 996 3981 aestas
1023 3928 1055 3981 in
1076 3927 1219 3993 favonium
1242 3928 1361 3997 obuersa,

801 3996 872 4053 611.
900 3998 965 4052 dem
992 3995 1031 4050 im
1060 3996 1187 4051 Sommer
1214 4001 1360 4066 (gensuerr

799 4084 864 4122 vom
879 4066 1004 4122 Februar
1016 4068 1060 4123 bis
1071 4066 1139 4137 Mai)
1154 4069 1363 4135 herrschenden

800 4137 973 4193 Westwinde
992 4139 1031 4192 ist
1048 4137 1094 4192 dic
1114 4139 1189 4193 111551
1208 4139 1289 4195 offen.

838 4215 879 4263 11.
890 4210 1082 4279 prospectabat
1090 4210 1139 4278 (sc.
1151 4211 1361 4280 insula)sinum.

801 4279 931 4334 DerGoli
938 4296 991 4334 von
1000 4279 1108 4349 Neapel
1118 4281 1157 4334 ist
1166 4297 1263 4350 wegen
1271 4282 1362 4337 seiuer

801 4351 925 4404 5511611511
944 4350 1019 4418 Lago
1038 4351 1177 4406 berfihmt.

839 4425 879 4476 12.
909 4421 1093 4476 Vesuvius-
1114 4423 1265 4489 ardescens,
1283 4426 1362 4475 utm-
