3092 4834
201 215 264 280 192
340 216 370 272 r.
390 214 563 271 auauaun
582 214 705 269 raeiri
722 213 770 267 aa
790 213 952 270 areassn
969 215 1047 270 mvi
1065 215 1226 272 ananan

165 379 296 445 sluxus
326 382 554 463 arguerentur,
582 378 651 460 ipse
680 378 779 443 etiam
808 376 946 441 viderem
976 400 1031 444 eos
1061 401 1098 444 ae
1125 381 1215 445 velut
1243 381 1379 466 depren-

202 467 319 531 derem.
369 467 455 551 quod
483 466 509 530 si
538 487 663 531 meeum
692 468 766 531 ante
795 465 854 531 viri
882 467 1019 549 strenui,
1042 468 1177 553 aediles,
1200 471 1376 537 consilium

200 555 407 636 habuissent,
430 555 540 620 neseio
570 577 613 619 an
641 576 795 619 suasurus
822 555 939 619 fuerim
969 556 1118 621 omittere
1146 560 1255 641 potius
1284 581 1376 642 prae·

146 657 147 660 ’
200 643 308 708 valida
330 646 363 707 et
385 643 497 709 adulta
518 644 599 708 vitia
623 665 721 727 quam
744 644 806 708 hoe
830 644 973 729 adsequi,
995 650 1033 708 ut
1054 646 1162 729 palam
1180 646 1282 726 fieret,
1306 649 1376 731 qui·

201 733 261 796 bus
289 731 423 816 flagitiis
451 733 590 816 impares
619 753 772 797 essemus.
820 732 875 796 sed
903 733 952 797 illi
979 733 1109 817 quidem
1137 735 1243 800 officio
1271 734 1376 801 functi

149 839 183 887 10
202 824 286 904 sunt,
309 823 347 884 nt
369 825 492 885 ceteros
512 842 640 904 quoqne
659 822 872 906 magistratus
896 843 954 886 sua
977 822 1088 887 munia
1111 823 1244 907 implere
1262 825 1377 889 velim:

203 909 283 973 mihi
307 914 416 973 autem
439 930 543 994 neque
566 909 740 975 honestum
765 908 860 973 silere
883 931 987 995 neque
1010 912 1159 995 proloqui
1182 912 1377 997 expeditum,

203 999 280 1081 qnia
312 1019 379 1062 non
409 997 523 1062 aedilis
557 1001 613 1062 aut
635 997 801 1083 ‘praetoris
834 1000 891 1062 aut
923 1000 1063 1064 consulis
1092 1002 1196 1083 partis
1224 1002 1378 1067 sustineo,

202 1088 308 1151 maius
332 1086 455 1171 aliquid
479 1091 512 1150 et
535 1087 691 1152 excelsius
715 1109 735 1150 a
757 1085 902 1170 principe
920 1088 1118 1173 postulatum
1141 1092 1268 1153 etcum
1291 1093 1377 1154 reete

202 1174 365 1240 factorum
395 1176 457 1240 sibi
481 1175 617 1260 quisque
641 1176 781 1260 gratiam
807 1175 955 1256 trahant,
979 1176 1073 1241 unius
1096 1177 1220 1242 invidia
1244 1179 1285 1242 ab
1309 1201 1378 1242 orn·

152 1282 184 1330 15
202 1263 299 1329 nibus
326 1268 486 1347 peccatur.
532 1263 608 1347 quid
638 1265 725 1328 enim
748 1264 889 1347 primum
913 1264 1084 1347 prohibere
1113 1269 1146 1330 et
1167 1267 1308 1349 priscum
1337 1266 1378 1331 ad

204 1373 326 1417 morem
350 1352 491 1417 recidere
515 1352 707 1438 adgrediar?
749 1351 941 1416 villarumne
964 1352 1094 1417 infinita
1117 1354 1244 1437 spatia?
1285 1355 1376 1419 fami·

203 1441 320 1506 liarnm
343 1462 514 1505 numerum
538 1444 571 1505 et
592 1440 765 1506 nationes?
803 1441 930 1526 argenti
954 1445 986 1505 et
1010 1442 1080 1506 auri
1103 1443 1253 1526 pondus?
1292 1444 1375 1508 aeris

203 1530 453 1614 tabularumque
487 1529 664 1594 miracula?
719 1530 899 1612 promiscas
932 1529 1009 1594 viris
1042 1534 1075 1595 et
1109 1530 1238 1596 feminis
1271 1537 1378 1597 vestes

204 1623 300 1702 atque
332 1618 390 1683 illa
417 1618 614 1683 feminarum
642 1618 787 1702 propria,
815 1618 886 1701 quis
919 1618 1064 1701 lapidum
1097 1640 1194 1684 eausa
1222 1622 1377 1703 pecuniae

149 1726 184 1774 20
203 1711 333 1771 nostrae
357 1708 398 1772 ad
423 1713 571 1772 externas
595 1715 652 1771 aut
674 1707 802 1771 hostilis
827 1710 940 1792 gentes
962 1708 1222 1773 transferuntur?

148 1799 194 1862 54
293 1794 362 1861 Nee
379 1795 495 1881 ignoro
517 1796 550 1860 in
569 1795 724 1860 conviviis
744 1801 777 1859 et
795 1794 922 1859 eiranlis
941 1795 1084 1860 incusari
1106 1798 1170 1861 ista
1193 1800 1227 1861 et
1244 1797 1378 1863 modum

203 1885 308 1969 posci,
340 1885 396 1949 sed
428 1883 456 1948 si
489 1884 561 1968 quis
594 1884 701 1968 legem
733 1882 872 1967 sanciat,
899 1905 1023 1969 poenas
1050 1885 1185 1967 indicat,
1212 1885 1297 1950 idem
1326 1886 1377 1950 illi

204 1973 368 2037 civitatem
386 1970 479 2055 verti,
498 1972 760 2056 splendidissimo
785 1971 900 2057 auique
924 1973 1057 2037 exitium
1076 1976 1193 2058 parari,
1214 1976 1377 2038 neminem

204 2059 348 2125 criminis
369 2065 531 2145 expertem
552 2060 777 2125 clamitabunt
813 2061 904 2144 atqui
922 2083 964 2125 ne
984 2062 1126 2146 eorporis
1146 2062 1275 2146 quidem
1294 2086 1379 2128 mor·

166 2150 262 2215 thus
289 2153 414 2214 veteres
443 2153 476 2214 et
505 2149 559 2214 diu
588 2153 699 2214 enetos
730 2149 795 2213 nisi
822 2171 880 2233 per
906 2150 986 2215 dura
1015 2156 1048 2215 et
1076 2172 1191 2235 aspere
1218 2157 1379 2237 coereeas3

206 2240 377 2322 corruptus
406 2238 503 2302 simul
531 2243 564 2302 et
586 2242 770 2321 corruptor,
796 2257 892 2322 aeger
920 2242 952 2303 et
975 2238 1117 2323 flagrans
1142 2240 1269 2304 animus
1293 2240 1380 2306 haud

204 2326 380 2392 levioribus
399 2326 548 2391 remediis
567 2326 815 2412 restinguendus
836 2328 895 2410 est,
914 2349 1012 2412 quam
1026 2327 1215 2392 libidinibus
1231 2327 1379 2395 ardescit.

204 2420 256 2480 let
291 2438 311 2480 a
347 2415 523 2480 maioribus
559 2419 708 2499 repertae
744 2416 848 2500 leges,
879 2420 930 2480 tot
966 2437 1046 2500 quas
1066 2416 1175 2481 ⁴dirus
1210 2417 1379 2501 Augustus

203 2614 230 2663 et
247 2608 373 2677 designat
390 2609 476 2663 oeulis
494 2608 531 2662 ad
545 2610 653 2664 eaedem
665 2625 765 2663 auum·
856 2610 897 2661 18.
920 2608 1072 2675 promiscas
1099 2638 1132 2647 —
1161 2615 1251 2664 restes·
1288 2609 1381 2663 Unan-

204 2695 332 2749 qaemqae
349 2686 481 2735 austrum.
821 2675 987 2745 standigfdr
998 2676 1115 2733 Manner
1128 2696 1223 2734 waren
1237 2696 1271 2732 zu
1287 2680 1379 2733 dfinne

241 2755 266 2804 t.
280 2750 394 2805 suadere
408 2750 461 2804 mit
471 2749 534 2803 dem
544 2750 667 2805 Infinitiv
678 2749 767 2803 findet
820 2746 898 2815 (halb
917 2747 1137 2819 durchsiehtige)
1153 2750 1212 2804 und
1226 2750 1381 2805 auffallend

206 2819 267 2873 siah
280 2823 338 2874 erst
346 2819 377 2874 in
386 2820 441 2875 den
451 2821 591 2876 Annalem
608 2827 650 2889 13,
660 2827 708 2888 373
724 2824 766 2889 15,
821 2817 949 2887 geftrhte
967 2817 1090 2877 Kleider.

203 2896 306 2957 63316,
315 2896 339 2945 9.
360 2890 453 2945 Sehon
464 2889 520 2945 cic.
530 2893 564 2947 de
575 2908 614 2946 or.
627 2900 651 2961 1,
661 2897 704 2960 te,
714 2895 765 2945 251
859 2895 900 2943 19.
934 2892 996 2959 quia
1026 2890 1140 2945 bezieht
1167 2891 1227 2946 sich
1255 2892 1306 2945 anf
1330 2893 1381 2945 illa

204 2976 282 3016 nemo
299 2963 417 3017 suaserit
436 2991 468 3002 —
488 2963 637 3018 elaborare.
817 2961 938 3030 propria
966 2961 1022 3015 und
1049 2961 1087 3015 ist
1110 2987 1143 3007 a
1162 2966 1277 3031 propter
1304 2979 1381 3030 qaae,

243 3038 284 3085 14.
303 3032 357 3085 siti
375 3033 481 3087 trahere
505 3033 582 3088 ‘siah
601 3033 767 3101 aneignen'‚
823 3049 843 3086 s.
864 3049 898 3085 an
912 3037 937 3099 3,
953 3038 995 3087 24.
1035 3031 1070 3086 So
1089 3031 1164 3085 kann
1182 3033 1244 3100 quia
1262 3030 1320 3084 und
1339 3033 1380 3084 la-

205 3102 278 3156 auah
301 3099 366 3156 hist.
385 3109 411 3174 ξ,
425 3108 469 3168 33,
488 3101 542 3157 wie
557 3111 581 3171 1,
595 3108 612 3156 2
626 3104 723 3158 maria
736 3105 768 3157 ire
818 3103 918 3171 pidem
940 3119 1026 3157 caasa
1044 3102 1123 3156 reeht
1141 3105 1193 3169 gut
1210 3100 1302 3155 neben
1320 3101 1380 3155 ein-

205 3188 233 3227 ae
246 3172 360 3227 trahere.
381 3172 506 3227 Ahnlieh
522 3176 607 3228 sehon
621 3173 681 3228 Liv.
697 3179 722 3242 6,
732 3179 767 3228 40
822 3174 910 3227 ander
933 3174 1075 3227 beatehen.
1096 3201 1128 3212 -
1152 3172 1284 3240 lapidare.
1324 3171 1381 3225 Der

205 3244 263 3298 atsi
276 3249 387 3311 partem
400 3245 518 3314 petendo
535 3251 622 3300 tetam
639 3247 765 3300 traaerr'a.
822 3245 910 3298 'altere
920 3242 1027 3298 Plinius
1036 3242 1140 3297 taxiert
1149 3242 1194 3296 die
1205 3241 1381 3312 Smaragden

206 3345 240 3354 -
258 3314 480 3383 antestaretur,
500 3335 521 3370 s.
542 3320 566 3384 1,
587 3321 629 3384 18,
648 3321 672 3370 9.
711 3315 767 3369 Der
821 3314 879 3368 und
897 3314 997 3369 Perlen
1018 3314 1067 3368 der
1085 3312 1177 3368 Lollia
1195 3311 1315 3368 Paulina
1333 3314 1385 3367 auf

206 3386 284 3452 Abl,
302 3385 391 3441 wofdr
408 3385 560 3443 Daderlain
577 3404 640 3443 eam
656 3388 767 3443 invidia
820 3391 856 3439 40
866 3384 1383 3454 MillionenSesteraeundbehanptet,

207 3457 366 3525 erwartete,
390 3458 428 3512 ist
450 3458 500 3513 der
518 3458 581 3513 Abl.
600 3457 689 3526 modi,
712 3456 767 3512 wis
822 3455 883 3510 dass
917 3456 1041 3526 jahrliah
1073 3460 1125 3511 100
1156 3454 1302 3510 Millionen
1339 3455 1384 3510 fur

205 3526 264 3583 Cia.
283 3528 319 3581 ad
337 3529 404 3584 fam.
425 3534 450 3598 1,
467 3535 490 3598 1,
506 3536 521 3584 3
540 3533 613 3600 guad
630 3531 767 3585 commoda
821 3526 1018 3582 hnxusartikel
1059 3527 1134 3581 naeh
1177 3528 1242 3581 dem
1287 3526 1385 3581 Orient

207 3601 249 3654 rer·
268 3599 396 3669 publicae
418 3601 507 3667 faeere
524 3603 628 3670 poesia,
652 3602 688 3655 ed
706 3602 766 3655 Att.
822 3597 935 3667 gingen.

207 3677 234 3738 Ἰ,
250 3677 306 3738 8,2
325 3672 398 3727 aetii
414 3673 583 3727 incommodo
600 3672 768 3727 valetudinis
857 3667 906 3724 54.
934 3674 959 3723 3.
989 3670 1059 3724 verti
1094 3669 1163 3723 atatt
1199 3669 1294 3739 everti,
1330 3669 1383 3722 wie

206 3743 311 3808 feceris,
331 3742 409 3797 Caes.
427 3742 458 3798 b..
471 3741 543 3797 Gall.
559 3749 583 3810 6,
598 3748 672 3810 44,1
692 3760 768 3798 eaer-
823 3756 866 3809 cp.
886 3745 932 3807 36;
952 3745 977 3808 2,
996 3745 1031 3793 42
1050 3741 1107 3794 und
1126 3739 1207 3794 litter.

208 3814 293 3867 ettam
329 3814 449 3869 dearum
485 3815 634 3869 retentam
668 3816 769 3870 ἀαηιηο
859 3816 884 3865 4.
904 3812 983 3880 atqui
1005 3810 1057 3865 hat
1075 3810 1141 3866 Tae.
1165 3827 1219 3864 nur
1243 3807 1304 3865 hier
1325 3808 1383 3862 und

207 3884 322 3939 redierit.
824 3880 890 3935 dial.
909 3888 952 3948 41,
973 3888 997 3935 6.

212 3989 215 3994 s
247 3960 289 4008 17.
312 3958 450 4024 nationes,
479 3954 524 4009 die
551 3954 770 4010 verschiedenen
861 3958 885 4007 t.
900 3955 1037 4007 ardescere
1052 3953 1123 4006 statt
1137 3952 1385 4008 enardeaeereoder

209 4024 323 4092 leker,
337 4043 392 4081 ven
407 4027 497 4081 denen
512 4025 557 4080 die
571 4024 695 4080 Sklaven
708 4025 769 4079 her·
825 4024 931 4089 ardere3
952 4040 973 4077 s.
992 4040 1025 4076 an
1044 4039 1088 4091 ep.
1109 4028 1152 4077 17.

210 4096 370 4151 stammten.
387 4097 771 4164 14‚44reatioaeairrsamrlita
861 4098 885 4148 8.
923 4095 1003 4163 tepea,
1036 4091 1162 4147 ntmlieh
1188 4095 1386 4163 sumptuariae.

209 4167 451 4235 habemas,qar'tae
460 4169 771 4235 diaerairitus,eaterrra
825 4163 925 4220 Ausser
948 4164 998 4219 der
1015 4163 1062 4218 lex
1081 4163 1174 4233 Oppia
1197 4163 1252 4231 gab
1276 4181 1305 4220 es
1324 4165 1386 4217 eine

209 4252 292 4290 saera
305 4242 355 4290 aut
367 4238 448 4293 realta
460 4244 533 4293 areat.
570 4236 623 4294 Die
639 4236 708 4292 Zehl
722 4238 771 4292 der
826 4235 937 4305 Orchia,
950 4234 1068 4304 Fannia,
1082 4233 1175 4301 Didia,
1194 4233 1311 4303 Licinia,
1321 4234 1386 4290 Cor-

212 4306 336 4360 Sklaven
363 4307 452 4363 belief
477 4310 537 4363 siah
562 4309 609 4364 bei
634 4309 772 4363 manahen
826 4306 910 4375 nelia,
929 4305 1058 4370 Aemilia,
1077 4306 1172 4373 Antia,
1192 4304 1248 4360 alle
1268 4322 1318 4360 aus
1337 4309 1387 4360 der

213 4377 355 4430 Besitzrrn
373 4378 424 4432 auf
439 4378 565 4435 mehrere
584 4380 739 4436 Tanaende.
827 4379 889 4434 Zeit
907 4380 957 4433 der
976 4375 1123 4448 Republik.
