3092 4834
235 272 279 337 80
385 272 416 327 P.
436 271 607 328 CORNELII
625 272 746 329 TAOITI
764 275 812 329 AB
830 274 991 331 EXOESSU
1009 275 1087 331 DIVI
1105 275 1264 333 AUGUSTI

191 458 218 499 ro
231 435 382 501 mandata
400 435 475 501 beni
522 459 603 521 eque
627 442 780 522 exceptus
799 459 872 503 oum
891 439 1052 522 praesidio
1072 437 1228 505 Gallicam
1251 441 1286 505 in
1303 441 1409 525 ripam

234 525 352 589 missus
375 528 433 590 est.
476 458 665 591 ddrmanioo
688 527 830 611 pretium
853 527 916 591 fuit
935 532 1120 593 convertere
1139 552 1265 615 agmen,
1287 551 1410 616 pugna·

231 617 366 697 tumque
398 614 434 678 in
461 614 654 700 obsidentis,
686 620 719 680 et
746 620 875 701 ereptus
905 614 1053 703 Segestes
1085 640 1203 704 magna
1235 639 1309 683 oum
1336 640 1409 703 pro-

230 703 428 786 pinquorum
452 706 485 767 et
508 702 676 770 clientium
698 727 804 770 manu.
850 705 977 770 inerant
999 705 1137 771 feminae
1160 707 1301 790 nobiles,
1324 709 1411 772 inter

231 813 310 875 quas
328 812 412 855 uxor
430 788 571 858 Arminii
594 793 769 878 eademque
792 792 861 857 filia
880 792 1030 880 Segestis,
1053 795 1162 860 mariti
1187 796 1291 882 magis
1310 819 1408 881 quam

190 904 216 944 rs
230 881 373 965 parentis
398 879 520 965 animo,
543 904 647 966 neque
671 885 773 947 evicta
796 884 831 947 in
853 882 1002 948 lacrimas
1025 906 1130 969 neque
1152 906 1230 950 vooe
1261 884 1409 970 supplex,

231 970 422 1053 compressis
455 970 540 1035 intra
573 973 679 1053 sinum
713 972 862 1036 manibus
895 973 1064 1058 gravidum
1100 978 1229 1039 uterum
1268 974 1408 1039 intuens.

215 1054 417 1123 ¹ferebantur
439 1062 472 1124 et
495 1058 601 1143 spolia
624 1060 784 1125 Varianae
807 1060 916 1144 eladis,
939 1062 1102 1147 plerisque
1125 1084 1237 1127 eorum
1261 1065 1408 1147 quitum

118 1207 128 1218 ,
230 1146 266 1211 in
298 1146 492 1212 deditionem
522 1149 694 1214 veniebant
726 1150 863 1233 praedae
895 1150 983 1237 data3
1016 1150 1114 1215 simul
1145 1149 1294 1235 Segestes
1328 1153 1407 1235 ipse,

231 1234 346 1321 ingens
369 1235 441 1301 visu
464 1242 496 1301 et
520 1240 674 1303 memoria
700 1238 802 1303 bonae
825 1240 987 1304 societatis
1010 1239 1187 1324 inpavidus.

185 1323 229 1389 58
320 1323 429 1390 Verba
452 1326 520 1391 eius
545 1328 579 1391 in
601 1326 687 1391 huno
709 1327 841 1394 modum
863 1328 966 1392 fuere:
998 1328 1075 1392 ‘non
1098 1326 1152 1391 hio
1174 1327 1255 1391 mihi
1282 1328 1406 1410 primus

232 1435 307 1566 ilii
334 1413 492 1568 llll?
519 1415 1093 1570 lttltutltt:tltffltltt
1106 1416 1271 1569 dilecti
1294 1436 1409 1569 ἓξὲξ

231 1591 347 1657 vestris
374 1524 571 1659 uiilitatibus
599 1594 720 1679 delegi,
746 1613 851 1677 neque
879 1556 953 1658 odio
981 1594 1105 1677 patriae
1133 1526 1407 1680 (quippeqprodi-

170 1760 173 1765 Ι
205 1683 318 1745 stores
356 1681 454 1745 etiam
490 1681 531 1747 iis
568 1705 650 1767 quos
686 1685 888 1765 anteponunt
920 1683 1017 1748 invisi
1049 1681 1154 1768 sunt),
1186 1704 1300 1747 verum
1332 1682 1407 1766 quia

232 1768 388 1833 Romanis
411 1767 642 1856 Germanisque
665 1772 750 1836 idem
774 1769 951 1836 eonduoere
974 1776 1007 1836 et
1029 1794 1142 1855 paoem
1165 1793 1263 1856 quam
1285 1772 1408 1837 bellum

230 1858 418 1943 probabam.
471 1881 548 1946 ergo
580 1865 742 1945 raptorem
781 1858 868 1924 filiae
902 1882 1006 1947 meae,
1043 1861 1234 1925 violatorem
1270 1860 1407 1925 foederis

231 1947 342 2030 vestri,
371 1947 556 2013 Arminium
579 1951 665 2034 apud
687 1948 821 2032 Varum,
844 1949 901 2033 qui
924 1954 994 2015 tum
1017 1950 1174 2015 exercitui
1196 1949 1406 2034 praesidebat,

231 2057 321 2100 reum
355 2036 425 2102 feei.
473 2038 591 2103 dilatus
624 2038 763 2124 segnitia
796 2038 904 2121 duois,
937 2041 1013 2122 quia
1044 2061 1158 2122 parum
1189 2039 1340 2123 praesidii
1373 2039 1408 2102 in

192 2151 219 2191 ro
232 2123 359 2209 legibus
383 2129 460 2208 erat,
483 2132 520 2191 ut
544 2150 596 2192 me
615 2133 647 2193 et
665 2126 849 2192 Arminium
873 2131 906 2191 et
925 2129 1071 2193 oonsoios
1090 2129 1226 2193 vinoiret
1249 2127 1411 2213 flagitavi:

232 2214 325 2278 testis
353 2212 409 2277 illa
436 2238 515 2298 nox,
543 2216 624 2280 mihi
650 2218 776 2281 utinam
807 2217 917 2301 potius
947 2216 1134 2281 novissima!
1185 2238 1267 2300 quae
1297 2219 1408 2281 seouta

233 2306 321 2386 sunt,
354 2302 463 2368 defleri
491 2307 594 2391 magis
623 2328 719 2390 quam
747 2304 876 2370 defendi
902 2309 1053 2391 possunt:
1081 2309 1223 2370 ceterum
1252 2310 1283 2369 et
1312 2305 1408 2370 inieoi

233 2395 361 2457 catenas
389 2391 536 2459 Arminio
570 2399 602 2459 et
634 2417 652 2458 a
682 2394 824 2458 faotione
856 2395 926 2458 eius
958 2396 1093 2459 inieotas
1124 2415 1294 2478 perpessus
1327 2416 1408 2458 sum.

232 2485 330 2565 atque
357 2482 414 2547 ubi
441 2483 583 2568 primum
610 2484 658 2547 tui
687 2482 794 2567 eopia,
821 2487 930 2547 vetera
956 2484 1051 2547 novis
1074 2487 1107 2547 et
1137 2484 1246 2565 quiete
1269 2482 1407 2546 turbidis

192 2598 219 2638 is
232 2570 422 2657 antehabeo,
450 2595 555 2657 neque
586 2573 627 2637 ob
651 2574 840 2657 praemium,
863 2572 918 2635 sed
941 2575 979 2636 ut
1002 2592 1053 2635 me
1076 2570 1211 2655 perfidia
1234 2570 1408 2655 exsolvam,

233 2661 330 2724 simul
358 2661 448 2745 genti
472 2660 703 2726 Germanorum
731 2661 866 2726 idoneus
894 2659 1097 2743 conciliator,
1125 2661 1153 2723 si
1176 2660 1408 2743 paenitentiam

232 2770 329 2831 quam
357 2751 531 2833 perniciem
559 2750 718 2816 maluerit.
763 2771 824 2833 pro
852 2751 984 2814 iuventa
1012 2753 1044 2813 et
1067 2769 1174 2814 errore
1197 2748 1258 2814 filii
1280 2748 1406 2814 veniam

269 2892 310 2941 10.
329 2886 507 2958 Ungeaohtet
516 2889 566 2943 der
576 2889 728 2942 deutschen
738 2888 792 2941 Be·
884 2894 925 2943 18.
945 2888 1070 2960 Segestes.
1094 2888 1145 2943 Als
1158 2887 1297 2942 Pradikat
1309 2886 1347 2941 ist
1361 2886 1407 2940 ein

232 2958 346 3011 wohner
367 2958 446 3013 heisst
468 2960 519 3013 das
542 2959 621 3014 linke
639 2959 708 3016 Ufer
729 2959 793 3014 hier
846 2959 922 3015 Verb
941 2960 992 3014 der
1004 2961 1167 3031 Bewegung
1185 2976 1236 3014 aus
1249 2960 1408 3026 ferebantur

232 3028 283 3081 das
302 3028 453 3098 gallisohe‚
479 3030 543 3086 weil
562 3030 674 3087 Gallien
692 3031 722 3085 in
742 3030 793 3084 der
847 3047 882 3083 zu
900 3031 1078 3086 entnelrmffl.

233 3098 313 3153 Nih&
331 3099 401 3184 183.ι
502 3175 508 3187 .
881 3117 930 3175 58.
954 3125 980 3173 4.
1006 3136 1091 3190 aeque
1110 3151 1143 3160 -
1163 3138 1255 3175 verum
1273 3119 1341 3189 qaia
1359 3117 1404 3188 (of.

270 3176 310 3224 11·
329 3174 718 3243 Wiwmsutl⁸l³ii'⁰1)0'⁰0
727 3190 791 3241 ΡΝ·
845 3190 874 3245 Ζ.
891 3195 934 3259 16)
948 3189 1128 3259 beiAngabe
1142 3207 1196 3245 von
1211 3190 1337 3243 Motiven
1352 3189 1407 3243 wie
1473 3252 1477 3258 ρ

231 3243 302 3296 llum
320 3244 384 3310 fulb
403 3243 491 3297 ΨΜ
516 3249 598 3311 3⁶51·
716 3315 722 3326 ,
846 3262 912 3315 hist.
929 3268 952 3329 1,
968 3266 1002 3314 90
1019 3276 1068 3316 aar
1082 3268 1153 3316 maa
1173 3267 1223 3316 aut
1241 3277 1341 3327 amore,
1359 3260 1406 3314 sed

270 3317 311 3366 14.
330 3330 410 3369 uxor.
428 3286 578 3381 lhrliama
589 3315 792 3369 denrtmiseho
846 3349 880 3387 ω
898 3332 1012 3387 midine
1030 3334 1147 3399 servitia
1167 3340 1192 3401 41
1206 3338 1249 3387 42,

232 3383 435 3439 Schriststeller
456 3385 537 3439 nieht
554 3403 678 3454 neuneu,
701 3385 793 3440 lautet

233 3454 280 3509 bei
299 3455 400 3511 Strabo
417 3455 579 3513 eusealius
595 3457 792 3527 (germaniseh,

233 3528 285 3581 der
312 3533 337 3581 2.
356 3527 418 3582 Toil
442 3555 475 3575 =
499 3528 604 3596 hilda),
637 3528 687 3583 dor
716 3528 792 3581 ihres

233 3597 341 3652 Sohnes
372 3598 543 3683 Θουμελικός
570 3600 608 3669 (d.
632 3601 658 3654 h.
687 3600 792 3682 grisoli.
848 3634 874 3690 Β.
894 3634 967 3689 Einl·
986 3642 1002 3701 ἓ
1021 3641 1080 3690 121¹
1101 3667 1135 3676 -
1153 3654 1188 3692 m
1208 3644 1250 3691 ιω.
1273 3636 1331 3688 und
1349 3635 1405 3688 vio,

233 3670 794 3797 balbe
847 3706 1011 3832 Μ
1040 3654 1210 3762 Μ

231 3812 444 3955 {illagffllzssn’
485 3813 539 3867 Wie
575 3813 711 3882 Thymele
747 3813 793 3867 sm
884 3865 925 3912 11.
953 3860 1005 3913 illa
1022 3876 1088 3923 nox,
1107 3858 1161 3928 vgl
1181 3875 1204 3912 o.
1224 3862 1267 3924 55,
1287 3854 1341 3909 rff.

271 3960 311 4008 rs.
340 3958 435 4021 evea,
453 3957 507 4010 wie
523 3961 565 4021 11,
581 3960 613 4010 ar
629 3956 667 4009 aa
679 3956 793 4009 misera-
884 3943 925 3990 12·
953 3938 1047 4006 defleri
1059 3956 1153 4021 ,raam
1175 3939 1356 4006 defensivus
1375 3936 1404 4019 Z·

232 4026 333 4079 tionem
342 4029 436 4084 evicta.
451 4026 517 4081 bist.
533 4032 558 4094 2,
569 4032 604 4079 64
617 4027 794 4097 ingaudium
849 4012 952 4090 19-Ῑῖ
978 4016 1178 4091 {mmmm
1205 4026 1288 4079 duam
1311 4026 1407 4079 lm·

232 4098 326 4151 wicta·
355 4097 439 4150 gom
452 4097 506 4151 mig
520 4098 582 4151 dem
597 4096 719 4163 Ablaffiv,
739 4097 792 4151 wig
846 4095 913 4133 erem
931 4077 1126 4135 Allrtteratron
1150 4081 1200 4135 der
1218 4080 1406 4151 Gegensatze3

233 4166 532 4237 bereitsVerg.Aen.4‚
545 4169 791 4224 474eoiotadolore.
847 4149 983 4205 d0⁰t⁸⁰hi

233 4227 310 4292 liber
324 4238 370 4292 die
385 4238 497 4308 Prtpos.
513 4241 544 4294 in
558 4240 614 4310 vgl.
629 4239 701 4293 Einl.
718 4246 733 4306 5
748 4245 791 4296 49.
884 4236 925 4284 15·
945 4232 1092 4286 “nudam
1107 4231 1179 4285 auch
1193 4233 1266 4286 ”⁰0¹1
1276 4241 1306 4315 ³4,
1321 4237 1406 4284 ll·-

260 4315 312 4363 ·16.
342 4309 397 4364 Der
409 4312 488 4365 sinas
501 4310 539 4363 iet
554 4311 603 4364 dar
615 4310 717 4380 faltige
730 4310 793 4364 Teil
846 4303 980 4357 resolvere
1003 4305 1074 4357 statt
1092 4304 1222 4369 liberare,
1248 4319 1301 4357 wie
1320 4319 1342 4356 o.
1363 4308 1405 4354 15.

234 4381 283 4434 des
302 4380 416 4435 Kleides
435 4383 516 4435 uuter
535 4381 585 4434 der
603 4382 694 4449 Ernst,
712 4382 793 4436 nieht
884 4387 924 4436 16.
957 4383 1118 4437 conciliator
1143 4382 1202 4435 und
1228 4384 1404 4437 masiliatriae

233 4451 280 4506 ein
298 4451 465 4521 Korperteil.
846 4452 932 4506 sehon
950 4451 980 4506 in
998 4451 1167 4507 klassisoher
1184 4452 1278 4507 Proea.

883 3416 907 3465 6,
935 3410 986 3465 Zu‘
999 3412 1063 3467 dem
1081 3429 1131 3467 vor
1148 3430 1231 3482 qaam
1254 3411 1407 3466 fehlenrlen

847 3484 935 3554 magis
953 3482 988 3538 ef.
1008 3490 1034 3551 3,
1055 3488 1095 3539 17.

884 3568 908 3618 7.
927 3564 958 3616 In
971 3565 1124 3633 probabam
1132 3564 1204 3634 liegt
1218 3564 1264 3618 ein
1274 3563 1405 3633 Zeugma.
