3092 4834
243 228 308 293 268
385 228 416 285 Ρ.
436 226 608 282 CORNELII
626 224 753 281 TAGITI
772 226 820 279 AB
839 223 1002 280 Excusso
1020 224 1098 279 DIVI
1115 224 1276 280 AUGUSTI

245 390 418 476 penatibus
445 389 512 454 suis
540 389 708 475 gravidam
731 388 905 453 induxerit.
955 387 1079 453 nullam
1107 387 1245 472 posthac
1273 387 1433 452 subolem
1515 374 1516 441 l

193 496 227 546 10
245 479 354 562 edidit,
377 478 433 542 sed
457 478 608 562 sanguini
629 475 772 562 Augusti
796 498 854 560 per
877 476 1138 542 coniunctionem
1162 474 1365 561 Agrippinae
1391 479 1432 539 et

246 567 428 633 Germanici
462 566 586 631 adnexa
618 587 805 630 communes
838 568 1034 649 pronepotes
1067 565 1191 629 habuit.
1248 563 1433 629 sanctitate

246 657 360 721 domus
383 654 523 739 priscum
548 655 589 719 ad
612 675 744 738 morem,
767 653 869 719 comis
893 654 1101 738 ultraquam
1125 653 1267 737 antiquis
1291 653 1432 717 feminis

244 745 432 829 probatum,
457 747 560 808 mater
583 742 744 827 inpotens,
767 765 849 807 uxor
871 742 976 807 facilis
1000 747 1033 806 et
1056 764 1129 806 oum
1153 742 1278 805 artibus
1301 741 1432 826 mariti,

246 832 453 897 simulatione
480 832 542 897 lilii
564 832 645 895 bene
669 832 861 916 composita.
904 830 1002 895 funus
1026 830 1094 894 eius
1118 830 1294 914 modicum,
1321 832 1432 894 testa-

195 938 228 987 13
248 925 390 985 mentum
416 919 470 983 diu
493 921 628 984 inritum
652 919 723 984 fuit.
766 918 899 984 laudata
923 923 973 983 est
990 940 1050 1003 pro
1069 919 1185 983 rostris
1205 941 1225 982 a
1244 916 1326 982 Gaio
1346 917 1432 983 an-

247 1031 317 1074 sare
339 1012 529 1093 pronepote,
552 1008 606 1091 qui
629 1029 705 1072 mox
722 1028 831 1071 rerum
854 1008 979 1091 potitus
1003 1009 1061 1071 est.

207 1099 227 1164 2
335 1098 382 1161 At
404 1096 567 1180 Tiberius,
595 1096 679 1181 quod
708 1096 866 1179 supremis
894 1096 928 1160 in
957 1099 1093 1159 matrem
1117 1094 1234 1159 officiis
1257 1094 1431 1181 defuisset,

246 1185 330 1250 nihil
357 1189 483 1250 mutata
507 1185 705 1250 amoenitate
728 1186 829 1269 vitae,
856 1184 1114 1269 magnitudinem
1137 1183 1344 1268 negotiorum
1367 1205 1430 1266 per

247 1274 375 1339 litteras
405 1274 584 1356 excusavit,
611 1273 814 1357 honoresque
837 1273 1013 1338 memoriae
1037 1271 1105 1337 eius
1129 1272 1170 1335 ab
1195 1274 1312 1335 senatu
1334 1271 1430 1357 large

248 1362 392 1428 decretos
430 1363 521 1446 quasi
557 1383 616 1446 per
652 1361 846 1426 modestiam
883 1361 1059 1445 imminuit,
1103 1361 1215 1443 paucis
1252 1360 1430 1424 admodum

213 1468 229 1517 c
248 1451 386 1534 receptis
410 1454 443 1515 et
466 1450 651 1533 additque
674 1451 827 1515 caelestis
850 1450 966 1534 religio
989 1449 1226 1514 decerneretur:
1251 1448 1297 1511 sic
1319 1449 1428 1532 ipsam

248 1540 409 1604 maluisse,
456 1539 532 1625 quin
556 1542 590 1603 et
612 1542 705 1622 parte
729 1539 873 1603 eiusdem
898 1538 1056 1622 epistulae
1079 1536 1242 1620 increpuit
1265 1537 1428 1601 amicitias

247 1627 436 1712 muliebres,
466 1626 594 1692 Fufium
627 1628 790 1692 consulem
825 1625 957 1711 oblique
980 1625 1211 1711 perstringens.
1260 1625 1289 1689 is
1318 1625 1429 1710 gratia

248 1716 417 1801 Augustae
440 1716 610 1800 floruerat,
633 1720 728 1799 aptus
752 1715 939 1780 adliciendis
963 1715 1156 1780 feminarum
1179 1713 1307 1797 animis,
1333 1714 1428 1778 dicax

249 1804 333 1870 idem
374 1808 407 1869 et
437 1804 604 1868 'liberium
638 1804 761 1868 acerbis
795 1803 922 1868 facetiis
954 1803 1092 1867 inridere
1125 1802 1252 1882 solitus,
1290 1823 1428 1887 quarum

197 1911 230 1958 10
250 1894 334 1977 apud
357 1896 586 1978 praepotentes
609 1892 644 1955 in
667 1892 803 1977 longum
827 1893 984 1957 memoria
1007 1895 1066 1957 est.

210 1985 230 2049 3
339 1979 490 2046 Ceterum
515 2002 554 2044 ex
578 2001 616 2044 eo
639 1984 818 2066 praerupta
840 1982 905 2045 iam
930 1984 964 2045 et
985 2001 1104 2065 urgens
1128 1978 1321 2044 dominatio:
1350 2000 1428 2042 nam

249 2069 403 2133 incolumi
427 2067 577 2153 Augusta
603 2071 673 2134 erat
697 2068 802 2134 adhuc
824 2068 1023 2153 perfugium,
1051 2069 1126 2152 quia
1149 2066 1280 2133 Tiberio
1304 2067 1428 2131 invete-

249 2161 356 2221 ratum
381 2176 459 2240 erga
483 2162 620 2221 matrem
643 2158 845 2243 obsequium,
869 2179 972 2241 neque
994 2154 1129 2221 Seianus
1154 2157 1295 2221 audebat
1318 2159 1427 2220 aucto·

249 2244 342 2310 ritati
369 2245 515 2329 parentis
545 2247 664 2311 antire:
691 2250 770 2311 tunc
799 2246 888 2311 velut
910 2245 1011 2310 frenis
1036 2245 1177 2310 exsoluti
1200 2248 1427 2329 proruperunt,

215 2333 432 2419 emissaeque
460 2335 495 2398 in
522 2335 738 2419 Agrippinam
767 2356 805 2399 ac
834 2334 997 2399 Neronem
1025 2334 1168 2413 litterae,
1196 2354 1276 2417 quas
1303 2332 1428 2418 pridem

252 2423 376 2488 adlatas
406 2428 438 2488 et
465 2423 625 2488 cohibitas
654 2424 694 2488 ab
723 2421 874 2506 Augusta
902 2423 1038 2487 credidit
1065 2418 1195 2508 vulgus:
1228 2422 1313 2487 haud
1341 2422 1428 2485 enim

250 2512 388 2576 multum
412 2514 489 2595 post
511 2516 650 2577 mortem
674 2512 742 2575 eius
763 2512 918 2576 recitatae
939 2514 1027 2576 sunt.
1066 2512 1165 2575 verba
1183 2512 1312 2575 inerant
1331 2531 1427 2592 quac·

251 2601 314 2664 sita
342 2600 530 2684 asperitate:
559 2600 614 2664 sed
642 2621 708 2665 non
736 2622 839 2678 mma,
866 2621 933 2664 non
960 2621 1067 2664 rerum
1091 2621 1250 2665 novarum
1273 2596 1427 2682 studium,

251 2710 377 2754 amores
400 2689 552 2754 iuvenum
576 2691 609 2752 et
632 2687 856 2772 inpudicitiam
880 2689 990 2771 nepoti
1014 2688 1210 2753 obiectabat.
1250 2687 1285 2751 in
1307 2707 1426 2750 nurum

199 2795 232 2843 10
250 2798 291 2840 ne
322 2777 356 2841 id
388 2777 517 2862 quidem
547 2777 731 2861 confingere
760 2799 872 2860 ausus,
906 2776 1131 2862 adrogantiam
1159 2775 1224 2841 oris
1253 2778 1286 2839 et
1316 2779 1426 2840 contu·

288 3040 329 3116 10,
348 3052 400 3104 per
425 3037 641 3091 coniunctiorem
663 3043 707 3092 ctt.
744 3036 810 3092 Ger·
866 3040 898 3092 ia
916 3039 1027 3109 bacam
1044 3039 1160 3105 insicum
1180 3044 1205 3104 3,
1216 3043 1250 3091 27
1270 3038 1356 3093 otiam
1368 3037 1426 3091 cius

250 3121 376 3160 manicas
403 3104 442 3159 ist
466 3107 515 3160 der
538 3106 628 3161 Enlrel
651 3106 701 3160 der
721 3107 812 3176 Livia,
866 3111 907 3165 rei
925 3110 1001 3164 baad
1019 3110 1050 3163 ia
1069 3111 1180 3179 longam
1194 3109 1318 3177 parauit.

250 3174 408 3245 Agrippina
417 3175 464 3230 die
473 3175 593 3231 Eukelin
603 3176 701 3231 desAu
722 3180 812 3234 ustus.
901 3179 933 3234 3.
962 3185 986 3234 1.
1013 3186 1175 3248 pracncpta.
1202 3178 1268 3248 Vgl.
1294 3182 1362 3245 16‚‘1
1384 3179 1428 3232 iu·

289 3252 329 3301 13.
348 3248 474 3315 inpotens
497 3264 536 3302 sc.
554 3249 601 3302 sat
623 3248 689 3302 ‘von
702 3195 812 3304 leiden-
865 3267 956 3305 cenem
974 3252 1067 3306 auimo
1083 3257 1276 3319 praeruptum
1302 3247 1357 3303 (lic.
1377 3264 1427 3317 pro

253 3317 434 3372 schaftlioher
451 3318 537 3374 Licbe
556 3337 590 3372 zu
608 3319 698 3373 ihrom
717 3319 812 3375 Sohne
866 3321 947 3376 Rosc.
961 3320 1023 3376 Am.
1034 3326 1077 3389 24,
1088 3326 1122 3376 68
1132 3327 1288 3391 praerupta
1300 3320 1426 3375 sadada.

250 3388 399 3458 Tiberius',
432 3389 469 3444 da
499 3388 539 3445 sie
568 3389 718 3459 angeblich
744 3389 812 3445 hein
902 3399 927 3447 4.
947 3394 1037 3447 auare
1059 3393 1112 3445 mit
1135 3392 1199 3446 dem
1218 3390 1303 3445 Dativ
1326 3388 1424 3444 heisst:

251 3460 431 3516 Verbrechen
454 3463 577 3529 scheute,
600 3478 648 3516 um
673 3459 733 3516 ihm
757 3462 813 3516 den
866 3480 917 3518 vor
936 3461 1054 3532 jemand
1075 3460 1231 3532 hergehen‚
1255 3463 1282 3516 d.
1301 3458 1329 3516 h.
1353 3462 1426 3514 hier:

251 3531 345 3587 Thron
377 3551 411 3586 au
440 3532 620 3588 verschalten.
649 3562 683 3573 —
710 3534 812 3601 facilis,
866 3534 1024 3604 machtiger
1042 3532 1110 3589 sein.

252 3603 326 3657 denn
362 3602 403 3656 sie
435 3620 494 3657 war
525 3603 596 3672 klug
627 3620 734 3673 genug‚
766 3603 813 3658 die
903 3608 928 3659 5.
956 3606 1118 3674 minaequc,
1150 3602 1276 3658 ntmlich
1309 3617 1345 3655 an
1376 3601 1445 3661 den¹

252 3672 423 3728 Schwtchen
438 3673 487 3728 des
501 3672 645 3742 Augustus
660 3693 695 3728 au
709 3674 814 3729 dulden
868 3674 963 3731 Sonat.
1005 3674 1102 3730 Dieses
1125 3673 1259 3743 Reslrript
1286 3690 1345 3729 war
1368 3671 1427 3726 also

252 3745 310 3799 und
325 3743 413 3798 solbet
426 3761 481 3799 von
496 3744 720 3800 seincrUntreue
731 3744 814 3800 keine
867 3763 923 3801 von
942 3745 992 3800 der
1009 3745 1090 3801 Livia
1108 3745 1304 3815 aufgcfangen.

252 3816 336 3871 Notia
353 3833 387 3868 au
404 3814 533 3871 nahmen.
904 3821 929 3872 7.
942 3818 1058 3872 maltum
1076 3818 1149 3871 statt
1166 3818 1252 3872 multo
1270 3814 1343 3869 auch
1361 3818 1428 3881 12,4

289 3891 540 3941 lateranensem
565 3892 609 3941 ott.
651 3887 717 3941 Erat
740 3885 813 3942 (lali-
867 3888 943 3943 bcad
960 3889 1077 3942 multum
1094 3893 1169 3956 cata
1185 3887 1353 3956 permultam
1367 3890 1428 3939 ante

252 3958 320 4026 gula
338 3957 430 4011 aahlte
448 3957 509 4011 ihre
528 3956 633 4025 Legata
652 3974 710 4012 aus.
868 3958 907 4013 ist
930 3959 1017 4013 echon
1035 3957 1083 4013 bei
1101 3957 1159 4013 cic.
1178 3957 1215 4013 ad
1234 3957 1426 4025 fam.3,11‚1

288 4028 318 4083 2.
334 4035 358 4082 3.
366 4044 497 4083 excusare
508 4027 561 4082 ‘als
569 4026 815 4098 Entschuldigung
869 4028 1045 4098 uberliefert,
1081 4030 1138 4099 vgl.
1172 4029 1267 4095 Quint.
1302 4033 1343 4094 13,
1369 4031 1425 4096 6,1

253 4098 412 4167 anfthren’,
431 4099 485 4154 wie
504 4104 583 4165 3,11.
867 4100 983 4155 maltam
1001 4106 1072 4156 unu.

288 4174 313 4223 ὁ.
333 4170 437 4237 addito,
455 4187 476 4225 s.
495 4188 530 4224 aa
547 4176 573 4238 3,
584 4175 609 4224 3.
903 4176 928 4225 3.
957 4187 1061 4226 ammes
1092 4175 1151 4239 aa,
1188 4170 1235 4225 ein
1267 4167 1427 4239 Asyndeton

288 4241 313 4291 8.
327 4245 414 4318 Ιιιριιιι
434 4240 487 4293 mit
505 4241 569 4295 dem
589 4239 674 4295 Dativ
693 4239 742 4295 des
761 4241 815 4295 Ge·
867 4240 1090 4310 adversativum,
1122 4242 1175 4297 wie
1204 4248 1229 4308 4,
1253 4245 1288 4295 35
1316 4255 1428 4309 quoram

252 4307 424 4373 rundrvums,
443 4308 497 4364 wie
516 4316 541 4379 2,
557 4316 586 4375 63
601 4317 627 4381 3,
642 4316 685 4366 31.
867 4328 924 4367 aon
941 4313 1020 4369 caco
1039 4313 1159 4381 libertae,
1178 4314 1263 4367 etiam
1281 4312 1367 4366 libido
1380 4312 1426 4365 im·

290 4382 332 4433 10.
355 4379 388 4431 in
409 4379 527 4448 lorcyum.
565 4380 630 4451 Vgl.
655 4387 679 4451 1,
690 4387 724 4437 63
748 4383 815 4438 odic
865 4383 975 4453 panda.
