3092 4834
560 265 670 320 LIBER
689 265 735 320 111.
775 265 851 321 cAP.
871 271 984 320 as-ao.
1293 264 1355 329 177

183 429 264 492 tium
283 428 470 512 postulavit.
511 427 745 512 praetendebat
767 429 831 492 sibi
854 432 950 511 atque
973 427 1067 492 fratri
1092 426 1221 492 decreta
1244 428 1355 493 eadem
1392 444 1409 493 5

183 520 313 600 petente
335 517 497 602 Augusto.
538 517 593 581 sed
616 538 720 600 neque
742 520 813 581 tum
836 515 936 581 fuisse
959 515 1183 598 dubitaverim,
1206 516 1261 601 qui
1285 517 1353 582 eius

184 604 272 670 modi
291 626 402 688 preces
425 605 543 671 occulti
565 605 760 669 inluderent:
785 626 823 669 ao
845 608 955 668 tamen
978 604 1072 668 initia
1094 603 1221 687 fastigii
1240 602 1355 670 (laesa-

183 694 273 757 ribus
301 698 395 758 erant
422 694 588 779 magisque
615 695 649 757 in
677 693 779 758 oeulis
802 698 895 758 vetus
925 713 1010 776 mos,
1036 694 1069 755 et
1096 691 1255 775 privignis
1283 714 1355 757 cum

186 781 300 846 vitrico
314 782 416 847 levior
430 782 635 847 necessitudo
655 804 751 867 quam
771 804 831 846 avo
851 782 1020 846 adversum
1038 784 1200 863 nepotem.
1228 779 1356 845 additur

185 869 392 955 pontificatus
412 876 453 949 et,
473 893 535 956 quo
553 872 692 955 primum
712 870 762 934 die
777 869 883 934 forum
898 871 1064 953 ingressus
1079 872 1137 952 est,
1155 867 1357 951 congiarium
1376 886 1409 935 10

185 959 273 1044 plebi
296 959 469 1024 admodum
492 961 611 1041 laetae,
634 958 720 1042 quod
744 957 929 1023 Germanici
953 958 1087 1041 stirpem
1114 957 1180 1020 iam
1204 957 1357 1040 puberem

186 1048 371 1131 aspiciebat.
417 1050 545 1112 auctum
569 1046 684 1111 dehinc
708 1047 862 1132 gaudium
884 1046 1007 1131 nuptiis
1030 1045 1171 1110 Neronis
1200 1048 1232 1108 et
1255 1043 1357 1110 Iuliae

185 1134 284 1200 Drusi
313 1136 409 1200 filiae.
454 1139 553 1219 utque
576 1134 656 1199 haec
680 1135 821 1199 secundo
845 1156 982 1218 rumore,
1004 1135 1052 1199 ita
1074 1134 1218 1199 adversis
1242 1135 1358 1198 animis

188 1228 367 1307 acceptum,
387 1224 474 1308 quod
492 1224 558 1287 filio
579 1220 706 1287 Claudii
730 1245 822 1288 socer
840 1220 974 1287 Seianus
994 1222 1218 1288 destinaretur.
1253 1223 1359 1306 pollu-

185 1313 249 1376 isse
275 1312 484 1377 nobilitatem
513 1311 657 1375 familiae
680 1312 850 1377 videbatur
877 1315 1124 1394 suspectumque
1151 1312 1217 1375 iam
1239 1311 1358 1375 nimiae
1379 1326 1411 1373 15

185 1402 256 1483 spei
279 1400 432 1466 Seianum
456 1401 542 1465 ultra
565 1400 728 1464 extulisse.

273 1489 353 1553 Fine
387 1489 463 1553 anni
496 1509 682 1553 concessere
710 1489 780 1554 vita
813 1489 958 1574 insignes
985 1489 1047 1553 viri
1074 1488 1110 1554 L.
1138 1486 1292 1554 Volusius
1325 1493 1357 1552 et
1369 1486 1412 1551 30

185 1576 355 1643 Sallustius
380 1575 522 1662 Crispus.
569 1575 705 1641 Volusio
730 1581 822 1642 vetus
849 1577 975 1642 familia
1002 1598 1106 1661 neque
1134 1581 1244 1642 tamen
1266 1598 1356 1662 prae·

184 1670 293 1730 turam
312 1687 458 1751 egressa:
476 1667 545 1750 ipse
560 1667 766 1730 consulatum
782 1665 906 1750 intulit,
920 1666 1067 1730 censoria
1082 1666 1182 1730 eliam
1197 1669 1358 1748 potestate

184 1754 330 1838 legendis
359 1756 503 1838 equitum
532 1754 670 1818 decuriis
697 1754 842 1835 functus,
867 1776 1043 1838 opumque,
1067 1755 1139 1837 quis
1163 1755 1278 1819 domus
1301 1755 1358 1818 illa

185 1843 368 1906 inmensum
383 1843 497 1926 viguit,
515 1843 638 1925 primus
658 1843 891 1909 adcumulator.
919 1841 1069 1926 Crispum
1090 1843 1231 1927 equestri
1250 1846 1358 1907 ortum
1394 1856 1410 1903 5

183 1931 255 1995 loco
284 1929 319 1995 (l.
346 1929 533 2014 Sallustius,
563 1952 670 1995 rerum
703 1931 923 1998 Romanorum
955 1932 1203 1996 florentissimus
1237 1931 1359 2012 auctor,

185 2018 306 2083 sororis
339 2022 490 2101 nepotem
523 2020 557 2081 in
591 2040 708 2083 nomen
742 2020 887 2087 adscivit.
939 2024 1035 2103 atque
1066 2021 1134 2104 ille,
1162 2042 1359 2104 quamquam

219 2232 243 2284 5.
262 2228 318 2283 sibi
326 2226 366 2281 im
375 2227 400 2281 J.
411 2232 458 2295 243
472 2228 567 2296 fratri,
577 2227 595 2282 i.
606 2242 629 2281 e.
640 2228 743 2295 Drnso,
836 2234 878 2283 12.
897 2227 980 2282 Diasc
994 2230 1076 2285 Iulia
1094 2229 1216 2283 heiratet
1229 2231 1268 2284 im
1284 2229 1309 2285 J.
1324 2237 1358 2286 33

184 2305 216 2353 19
231 2317 257 2354 v.
277 2298 341 2353 Chr.
799 2299 853 2353 den
866 2299 1012 2353 Rubellius
1026 2300 1150 2353 Blandus
1164 2300 1223 2353 und
1236 2302 1306 2355 wird
1319 2304 1359 2355 im

218 2376 243 2424 5.
262 2386 347 2439 nepae
365 2369 555 2424 dubitaverim.
595 2355 671 2424 liber
689 2367 744 2421 den
798 2367 822 2423 J.
833 2374 868 2423 44
878 2370 966 2423 durch
976 2369 1126 2424 Messalina
1141 2387 1190 2424 aus
1201 2370 1359 2426 Eilersucht

181 2440 306 2495 Infinitiv
328 2441 402 2495 nach
425 2440 479 2494 den
502 2438 654 2509 negativen
674 2441 743 2493 Ans·
797 2441 915 2510 getbtet.

183 2512 307 2566 drdoken
326 2512 375 2566 des
389 2509 517 2566 Zweifels
537 2526 558 2564 s.
572 2508 645 2565 Einl.
661 2515 685 2576 ξ.
700 2514 742 2563 80,
835 2515 877 2564 14.
896 2511 954 2577 filia
966 2510 1087 2565 Claudii.
1124 2510 1162 2564 Er
1172 2509 1243 2565 hiess
1253 2511 1358 2567 Drusus

181 2600 266 2653 neqne
290 2583 378 2637 ‘auch
399 2581 509 2647 nicht'3
547 2581 581 2636 cf.
606 2587 636 2647 2,
660 2585 694 2635 82
718 2587 744 2637 et
798 2582 853 2635 und
875 2582 952 2635 starb
967 2580 1052 2650 jung,
1071 2580 1160 2636 bevor
1177 2580 1223 2636 die
1242 2582 1359 2636 Verbin-

182 2671 346 2724 qnamqnam
369 2669 453 2723 neque
471 2653 629 2722 insignibus
652 2653 744 2722 lapen-
799 2654 876 2722 dung
894 2653 1028 2705 sustando
1046 2651 1121 2708 kam.

183 2727 253 2779 tiam
271 2726 451 2791 abstinerent,
471 2728 495 2791 3,
515 2730 549 2777 56
568 2739 652 2792 nepae
669 2739 745 2778 nnnc
836 2729 878 2777 15.
903 2728 1043 2792 suspectas
1066 2722 1120 2777 mit
1147 2723 1211 2777 dem
1238 2722 1358 2779 (leuatis

179 2811 309 2865 propere,
332 2796 378 2849 sed
396 2811 449 2864 per
472 2799 531 2848 oete
554 2809 642 2848 annos
665 2799 744 2863 capto
800 2795 872 2849 auch
887 2810 930 2863 cp.
942 2799 988 2860 6ος
1005 2798 1046 2860 13,
1057 2799 1082 2848 9.
1110 2794 1209 2848 Zuerst
1222 2794 1298 2849 wohl
1313 2796 1358 2849 bei

184 2867 366 2934 experimento
381 2865 547 2934 participem
565 2865 645 2931 sami,
669 2869 694 2932 4,
710 2870 744 2918 34
797 2864 859 2919 Liv.
870 2870 913 2932 24,
925 2870 941 2918 9
951 2866 1114 2933 cupiditatis
1127 2866 1248 2934 imperii3
1264 2864 1358 2919 Justin

183 2938 229 2991 sed
257 2953 341 3006 neque
367 2938 433 2991 haec
455 2937 487 2989 in
511 2936 667 3004 principem
694 2940 745 2990 ant
799 2942 823 3004 5,
844 2936 1052 3006 9prcditianis.

179 3008 319 3077 principis
337 3012 494 3076 parentem,
519 3011 566 3076 15,
586 3011 619 3060 18
638 3006 745 3061 deeras
835 3008 972 3062 rantra
992 3005 1076 3060 ‘noch
1095 3006 1213 3061 weiter’.

181 3081 216 3135 ab
230 3085 328 3134 senata
345 3079 451 3147 intepro
470 3078 560 3132 adine
577 3078 645 3132 bello
657 3093 742 3147 nepae
831 3078 881 3134 30.
901 3084 926 3132 3.
951 3078 1123 3133 consulatum
1146 3083 1192 3133 ett.
1216 3077 1255 3131 im
1278 3079 1303 3133 J.
1324 3084 1356 3132 12

181 3156 240 3204 tam
257 3152 370 3216 omissa,
394 3149 460 3203 dial.
480 3155 509 3215 8,
528 3148 587 3202 hist
604 3152 635 3217 4,
653 3152 697 3215 80,
720 3168 741 3202 s.
796 3168 821 3204 v.
841 3149 904 3204 Chr.

181 3221 274 3276 Madv.
285 3220 320 3274 de
330 3219 426 3289 fin.³p.
438 3225 489 3274 803
499 3218 518 3274 f.
539 3218 635 3274 Cicero
645 3220 742 3273 warde
832 3225 856 3275 4.
889 3220 1017 3275 decuriis.
1054 3219 1221 3289 Diejenigen
1234 3218 1357 3288 Richter,

181 3308 216 3345 ne
233 3297 291 3346 tam
309 3292 417 3360 quidem
439 3292 540 3360 gesngt
561 3289 669 3359 haben,
694 3290 742 3344 ob·
796 3290 902 3346 welche
920 3308 971 3345 aus
992 3292 1056 3344 dem
1074 3291 1289 3346 Richterstande
1309 3308 1355 3360 ge-

182 3361 258 3415 wohl
280 3361 326 3415 die
348 3360 489 3429 Negation
513 3359 587 3415 bloss
611 3380 645 3414 zu
662 3361 741 3416 dnbi-
796 3378 928 3417 nommen
946 3363 1075 3429 wurden,
1100 3378 1194 3416 waren
1215 3363 1245 3416 in
1265 3360 1355 3415 Deka-

183 3434 296 3485 tanerim
310 3433 420 3500 gaheri,
439 3431 512 3485 deun
531 3432 602 3485 auch
618 3430 674 3486 Cic.
691 3432 743 3486 hat
796 3432 856 3487 rien
871 3433 980 3502 geteilt.
1000 3432 1135 3502 Dagegen
1151 3433 1279 3487 versteht
1291 3449 1357 3487 man

183 3500 260 3555 diese
284 3501 570 3569 Zusammensiehung
597 3521 619 3556 a.
648 3501 681 3554 Β.
705 3503 741 3556 ad
798 3506 880 3558 unter
912 3501 1151 3557 Rittercenturien
1190 3501 1357 3573 diejenigen,

182 3572 248 3627 fam.
269 3576 293 3640 6,
314 3579 340 3639 5,
358 3578 374 3625 2
403 3574 526 3626 animam
544 3578 622 3626 tnnm
644 3574 742 3640 confir·
796 3573 903 3629 welche
928 3572 974 3627 ein
993 3573 1171 3644 Staatsplerd
1193 3575 1289 3643 (eqnns
1302 3591 1357 3643 pn·

181 3644 313 3698 mandam
323 3649 394 3712 pato
412 3658 461 3697 nee
474 3644 510 3697 iis
524 3644 633 3713 quidem
645 3644 742 3710 certis,
798 3645 896 3714 blicns)
913 3645 1020 3699 hatten.

181 3715 281 3785 qnibns
299 3720 324 3769 te
342 3715 463 3769 conmler
480 3719 512 3768 nt
530 3714 679 3782 afflictam,
696 3716 743 3769 sed
833 3720 858 3769 5.
894 3716 1052 3770 innrensnm.
1091 3715 1117 3770 S.
1141 3734 1176 3769 zu
1198 3732 1241 3785 cp.
1261 3720 1302 3770 26.
1324 3747 1356 3755 -

181 3791 213 3840 nt
236 3802 296 3840 enm
320 3791 364 3840 ett.
392 3785 462 3839 statt
484 3790 509 3839 et
530 3785 638 3853 quidem
664 3787 683 3838 i.
707 3803 742 3853 a,
799 3786 932 3855 Orispnm.
965 3787 1032 3843 Hor.
1052 3803 1137 3841 carm.
1161 3792 1244 3855 2,12
1266 3786 1358 3841 istan

181 3874 205 3926 p.
216 3862 235 3912 t.
246 3873 267 3912 c.
278 3872 336 3912 nen
344 3862 377 3912 nt
386 3874 421 3924 a,
432 3856 466 3909 de
477 3855 554 3910 dias
565 3856 742 3925 61506360-
798 3855 850 3911 ihn
867 3857 1014 3927 gerichtet.

179 3928 259 3998 sophi
281 3945 330 3982 nee
347 3929 370 3981 ii
388 3928 496 3996 qnidam
514 3928 742 3996 contemptissimi,
833 3935 857 3983 5.
891 3930 1104 3998 florentissimas.
1151 3928 1217 3982 Deis
1243 3927 1357 3983 Tacitus

181 4000 218 4052 ad
236 3997 295 4054 Ait.
315 4004 345 4069 5,
365 4002 394 4065 5,
414 4002 430 4051 5
455 4013 504 4052 nec
522 4000 605 4068 prins
627 3999 742 4067 qnidam.
798 3999 852 4054 den
861 3998 1020 4054 Historiher
1032 3999 1139 4054 Sallust
1153 3999 1217 4053 sehr
1233 4000 1357 4055 sohhtate

216 4077 241 4124 9.
260 4071 406 4125 adversam
421 4069 601 4138 ‘gegenubca
615 4067 655 4123 im
670 4069 738 4124 Ver·
794 4069 852 4124 und
866 4070 950 4140 eifrig
965 4070 1086 4125 studiert
1098 4070 1186 4138 hatte,
1201 4071 1299 4139 zeigen
1310 4071 1355 4125 die

181 4138 741 4209 hisltnisau',wiehist.1,55paetienibns
794 4141 971 4196 zahlreichen
993 4138 1171 4208 Ausdrdelre,
1195 4143 1301 4197 welche
1325 4158 1356 4195 er

181 4212 310 4266 adversas
324 4227 502 4280 possessores,
525 4210 616 4265 Germ.
637 4216 671 4265 23
690 4212 739 4265 ad·
794 4229 845 4267 aus
863 4211 922 4266 ihm
942 4211 1069 4267 entlehut
1087 4212 1145 4266 hat.

182 4298 274 4337 emens
287 4284 362 4337 sitim
375 4298 433 4337 non
446 4282 537 4337 eadem
551 4283 739 4351 temperantia.
831 4288 856 4336 7.
880 4283 1009 4350 adaman,
1032 4280 1086 4335 wie
1111 4289 1138 4349 1,
1163 4289 1196 4337 31
1221 4284 1252 4337 in
1275 4299 1356 4337 snum

219 4358 261 4409 10.
280 4369 332 4478 pepp
346 4354 397 4407 die.
415 4352 505 4477 Jllach
520 4351 597 4407 einer
606 4352 740 4407 lnschrift
795 4358 999 4423 capnamentnm
1026 4353 1144 4408 adscisci
1170 4355 1354 4422 imperatores,

180 4438 238 4476 war
256 4440 285 4478 es
323 4438 353 4477 er
372 4429 397 4477 ⁷.
433 4423 488 4477 uni.
795 4429 820 4489 2,
840 4429 883 4478 60.
