3092 4834
536 226 646 281 elusa
662 227 709 283 111.
748 227 826 283 oAP.
846 234 959 284 so-se.
1275 230 1336 295 191

165 412 240 473 pam
269 392 429 475 argueret
476 390 578 475 igitur
604 390 728 454 factum
756 392 887 455 senatus
917 392 1115 474 consultum,
1140 415 1181 458 nc
1211 395 1340 458 decreta

166 482 294 561 patrum
331 482 405 542 ante
442 477 527 542 diem
559 480 708 542 mutuum
745 478 787 542 ad
820 478 979 543 aerarium
1012 479 1212 545 deferrentur
1242 483 1338 568 idque

166 568 253 631 vitae
281 568 424 650 spatium
447 565 610 631 damnatis
633 570 872 651 prorogaretur.
919 566 973 630 sed
1002 589 1068 631 non
1092 571 1219 633 senatui
1242 571 1339 636 liber-

165 659 217 718 tas
246 655 286 719 ad
313 655 543 738 paenitendum
571 660 655 739 erat,
679 676 783 739 neque
807 654 956 719 Tiberius
983 654 1154 721 interiectu
1182 658 1338 743 temporis
1359 674 1392 722 10

165 744 386 812 mititrabatur.

238 796 290 897 bO.
319 830 480 916 Sulpicius
509 830 548 895 D.
576 829 732 895 Haterius
760 832 909 897 consules
938 837 1130 917 sequuntur,
1158 834 1340 900 inturbidus
1349 832 1392 897 52

168 921 310 986 externis
324 920 421 985 rebus
435 941 549 1003 annus,
567 919 655 984 domi
669 923 820 1004 suspecta
839 921 1011 985 severitate
1030 921 1201 985 adversum
1220 922 1341 1005 luxum,

167 1009 221 1093 qui
250 1009 434 1073 inmensum
460 1012 635 1092 poruperat
662 1008 703 1072 ad
730 1012 859 1093 cuncta,
889 1010 960 1095 quis
988 1011 1122 1094 pecunia
1150 1009 1340 1095 prodigitur.

169 1097 224 1161 sed
248 1097 313 1162 alia
337 1100 535 1179 sumptuum,
558 1097 705 1180 quamvis
729 1098 889 1181 graviora,
912 1097 1126 1163 dissimulatis
1149 1098 1340 1184 plerumque

168 1186 282 1270 pretiis
306 1185 567 1269 occultabantur3
594 1186 716 1250 ventris
745 1188 779 1249 et
806 1206 928 1269 ganeae
951 1190 1085 1271 paratus
1110 1186 1253 1253 adsiduis
1277 1209 1340 1252 ser·
1377 1199 1393 1248 5

167 1274 318 1339 monibus
341 1275 465 1358 vulgati
493 1273 637 1338 fecerant
664 1295 787 1356 curam,
811 1295 852 1338 ne
880 1274 1030 1358 princeps
1058 1276 1211 1358 antiquae
1238 1276 1341 1360 parsi·

166 1363 294 1428 moniae
327 1362 438 1427 durius
471 1361 660 1427 adverteret.
714 1384 791 1426 nam
822 1362 996 1446 incipiente
1029 1361 1063 1428 O.
1092 1363 1208 1430 Bibulo
1242 1365 1341 1431 ceteri

166 1472 293 1536 quoque
311 1449 432 1515 aediles
455 1450 680 1534 disseruerant,
703 1449 813 1535 sperni
838 1451 1073 1534 sumptuariam
1095 1453 1200 1535 legem
1223 1455 1340 1519 vetita·

166 1560 228 1625 que
250 1540 440 1604 utensilium
458 1540 564 1625 pretia
587 1538 699 1624 augeri
721 1540 756 1603 in
780 1538 848 1603 dies
870 1560 929 1603 nec
950 1540 1165 1605 mediocribus
1189 1540 1340 1607 remediis

166 1628 239 1693 sisti
257 1650 362 1711 posse.
404 1632 437 1692 et
459 1628 600 1693 consulti
619 1632 729 1711 patres
753 1628 918 1711 integmm
942 1627 974 1693 id
997 1629 1165 1714 negotium
1190 1630 1231 1693 ad
1253 1632 1340 1715 prin·
1360 1643 1394 1692 10

166 1717 270 1798 cipem
294 1716 497 1781 distulerant.
543 1717 599 1781 sed
622 1716 772 1780 Tiberius
800 1737 897 1801 saepe
926 1718 1011 1801 apud
1040 1739 1075 1782 sc
1097 1718 1275 1802 pensitam,
1298 1741 1340 1783 an

168 1804 308 1868 coerceri
334 1807 402 1868 tam
430 1805 581 1888 profusae
610 1805 774 1889 cupidines
801 1810 949 1889 possent,
978 1828 1059 1870 num
1085 1806 1237 1872 cotrcitio
1265 1809 1340 1890 plus

168 1892 277 1955 damni
308 1891 343 1956 in
374 1914 443 1956 rem
474 1893 637 1977 publicam
669 1893 783 1977 ferret,
811 1915 910 1977 quam
936 1893 1124 1960 indecorum
1152 1894 1340 1979 adtrectare,

169 1980 255 2064 quod
290 2001 356 2045 non
389 1980 549 2046 obtineret
580 1983 632 2045 vel
665 1984 830 2046 retentum
861 1983 1075 2067 ignominiam
1107 1987 1140 2047 et
1171 1983 1339 2050 infamiam

169 2070 310 2132 virorum
348 2068 533 2133 inlustrium
565 2073 723 2153 posceret,
755 2073 921 2154 postremo
955 2072 1082 2137 litteras
1119 2072 1159 2137 ad
1192 2077 1340 2139 senatum
1361 2084 1394 2133 15

170 2156 361 2241 composuit,
385 2178 522 2241 quarum
545 2157 706 2221 sententia
729 2158 763 2222 in
785 2158 873 2223 hunc
895 2159 1027 2224 modum
1049 2159 1120 2224 fuit

259 2242 395 2310 ‘Ceteris
418 2244 555 2311 forsitan
582 2244 616 2309 in
641 2246 752 2329 rebus,
774 2250 884 2329 patres
907 2248 1096 2332 conscripti,
1119 2250 1222 2334 magis
1246 2270 1338 2335 expe
1351 2247 1394 2311 53

170 2334 238 2398 diat
264 2355 316 2399 me
342 2355 453 2399 eoram
480 2334 677 2419 interrogari
704 2336 737 2397 et
763 2334 883 2417 dicere,
911 2335 988 2418 quid
1015 2357 1032 2400 c
1060 2358 1094 2400 re
1117 2337 1247 2421 publica
1269 2361 1341 2403 cen·

170 2444 272 2487 seam:
299 2424 334 2487 in
361 2423 423 2488 hac
450 2422 608 2487 relatione
637 2422 785 2487 subtrahi
814 2423 924 2487 oculos
952 2444 1041 2487 meos
1065 2424 1179 2489 melius
1202 2425 1278 2510 fuit,
1300 2447 1341 2491 ne

169 2511 397 2577 denotantibus
429 2512 522 2577 vobis
555 2532 614 2576 ora
646 2533 683 2576 ac
716 2514 838 2575 metum
872 2510 1087 2595 singulorum,
1115 2513 1170 2595 qui
1201 2514 1342 2597 pudendi

204 2691 229 2742 8.
253 2688 291 2741 cd
312 2687 459 2740 morium.
498 2686 550 2739 Am
573 2685 655 2740 Fulse
678 2686 727 2741 des
818 2691 843 2741 3.
861 2686 1021 2741 iumeusum.
1059 2683 1086 2740 S.
1105 2703 1139 2739 zu
1158 2702 1200 2756 cp.
1219 2691 1262 2741 23.

167 2755 297 2824 Kapitols
324 2757 415 2811 neben
451 2756 515 2811 dem
545 2756 648 2812 Forum
679 2755 728 2826 lag
818 2761 843 2810 5.
866 2761 987 2825 paratus
1014 2756 1085 2811 statt
1111 2763 1265 2826 apparatus
1291 2757 1342 2813 hat

168 2826 351 2881 unmittelbar
373 2826 468 2882 hintar
490 2827 555 2881 dem
578 2826 727 2882 Saturnus·
782 2826 898 2882 Tacitus
920 2826 1006 2893 bites,
1030 2828 1102 2882 auch
1122 2827 1178 2881 Cio.
1197 2828 1296 2883 defin.
1316 2834 1341 2898 5,

167 2898 274 2966 tempo
297 2897 347 2951 aas
364 2884 436 2951 tar
459 2896 513 2952 mie
534 2898 598 2953 uem
621 2898 728 2953 11111-
783 2902 888 2967 1111.

168 2968 264 3023 archiv
278 2968 479 3038 (tabularium).
508 2967 574 3022 Erat
588 2985 668 3024 wenn
682 2969 728 3024 die
819 2974 843 3023 1.
863 2969 1001 3024 aduertm
1015 2968 1149 3022 ‘ahnden'
1170 2971 1240 3023 statt
1253 2972 1340 3025 cuim·

168 3039 430 3095 Senatsbeachlusse
453 3039 514 3094 hier
536 3039 729 3109 niedergclegt
783 3040 920 3093 advertere
937 3037 977 3092 ist
994 3037 1162 3095 Taciteiseh.

168 3126 276 3180 waren,
315 3111 441 3166 konnten
481 3110 521 3165 sie
562 3110 727 3180 ausgcti'ihrt
817 3116 841 3165 8.
865 3108 898 3165 In
920 3110 969 3164 der
992 3110 1036 3164 teu
1058 3110 1136 3165 Iulia
1157 3114 1340 3180 sumptuaria,

167 3183 287 3237 werden.
782 3180 827 3236 die
837 3180 981 3250 Augustus
995 3186 1029 3235 22
1040 3178 1139 3236 1.(1111.
1150 3181 1249 3250 erliels,
1264 3184 1341 3238 ward

204 3259 246 3307 10.
269 3253 425 3320 1111111111,
448 3252 518 3306 stets
540 3251 580 3307 im
603 3250 727 3319 Ablativ,
781 3256 863 3306 unter
889 3250 1021 3306 auderem
1053 3252 1103 3306 der
1130 3250 1270 3306 Aufwand
1296 3253 1341 3307 fur

169 3322 241 3378 auch
258 3322 305 3377 bei
319 3320 415 3377 Cicero
434 3323 469 3376 de
484 3324 542 3377 nat
557 3323 632 3378 deor.
646 3329 672 3390 2,
682 3326 726 3389 40,
781 3321 961 3377 Gastmthler
987 3340 1024 3377 an
1046 3322 1101 3377 den
1124 3322 1341 3378 verschiedencn

170 3399 221 3447 103
240 3393 404 3461 interpositu
422 3393 616 3461 interiectuque
630 3398 726 3460 terroe,
780 3393 882 3447 Festen
901 3393 951 3446 auf
967 3393 1128 3448 bestimmte
1144 3393 1275 3448 Summen
1293 3394 1340 3449 bc-

168 3464 198 3517 in
216 3463 387 3531 temporaler
400 3462 566 3531 Bedeutung
585 3461 632 3517 bei
646 3462 727 3517 Taci-
781 3463 925 3518 achrtnlrt.

169 3538 216 3588 tus
239 3532 313 3586 auch
336 3549 379 3601 cp.
395 3539 429 3588 67
450 3550 604 3601 paucorum
621 3535 727 3589 dierum
818 3534 1045 3603 1011311111,
1065 3532 1196 3589 1111111.
1218 3540 1242 3601 3,
1262 3539 1305 3603 20,
1324 3540 1340 3589 8

168 3606 324 3670 interiectu,
343 3609 369 3669 0,
388 3607 422 3655 39
440 3606 536 3658 noctu.
782 3609 814 3658 ut
831 3606 966 3660 cousualis
982 3604 1108 3659 remediis
1124 3605 1187 3660 aisti
1199 3610 1299 3675 poscet.

206 3675 255 3731 52.
279 3679 304 3729 1.
332 3673 476 3742 Sulpicius
495 3673 598 3742 Galba,
621 3673 728 3729 Bruder
820 3678 861 3729 11.
880 3676 1044 3730 distulerunt
1061 3674 1101 3728 iat
1114 3677 1256 3744 prignant
1271 3677 1342 3730 statt

170 3749 219 3803 des
250 3743 478 3816 gleichsamigen
506 3745 631 3811 Kaisers,
662 3744 729 3799 rant
782 3746 947 3800 distulerant
976 3751 1001 3800 et
1033 3747 1071 3801 ad
1091 3747 1247 3816 principem
1273 3749 1341 3802 reie-

169 3820 265 3888 110111
277 3815 325 3871 bei
338 3814 465 3869 Tiberius
478 3815 508 3870 in
519 3814 656 3884 Ungnade
669 3815 728 3870 und
782 3821 889 3884 cerum,
907 3818 941 3873 cf.
961 3815 1020 3871 Liv.
1038 3822 1082 3883 41,
1098 3820 1154 3884 ab
1173 3818 1257 3888 lepoti
1275 3818 1341 3872 Sar·

168 3890 244 3947 10111
257 3887 318 3943 sich
332 3885 729 3957 auaVarzweiflungdarfiber
783 3889 899 3955 dorium,
924 3889 973 3956 qui
998 3888 1036 3941 ud
1057 3903 1140 3942 uouos
1162 3890 1342 3958 mapistratua

168 3962 208 4016 im
226 3959 251 4015 J.
271 3964 313 4013 30.
329 3986 363 3997 -
377 3957 513 4013 Haterius
530 3956 570 4013 ist
586 3958 616 4011 in
635 3974 678 4027 ep.
693 3963 726 4012 43
783 3960 866 4014 diluti
884 3964 970 4013 eraut.
991 3988 1023 3999 —
1039 3958 1180 4027 pensitato
1199 3961 1241 4011 als
1261 3959 1341 4014 abso-

170 4030 304 4088 erwahnt.
319 4059 353 4069 —
367 4029 528 4084 inturbidus
545 4027 585 4082 iat
601 4046 657 4084 vox
674 4028 727 4083 Ta·
782 4028 857 4083 luter
874 4028 990 4085 Ablativ
1008 4029 1069 4083 hier
1087 4028 1145 4080 und
1164 4033 1206 4097 12,
1223 4035 1264 4084 11.

170 4104 252 4169 citea,
270 4099 343 4155 auch
363 4104 405 4167 14,
424 4106 467 4166 22,
486 4100 596 4166 111113,
615 4105 658 4154 39.
819 4107 862 4155 13.
879 4101 1037 4155 iudaeorum
1056 4114 1093 4153 sc.
1112 4104 1185 4153 essct

206 4181 230 4229 2.
249 4187 353 4238 uuuus,
377 4169 439 4225 eine
462 4169 556 4225 kfihne
574 4171 659 4225 Form
679 4171 729 4225 der
820 4175 862 4224 14.
876 4172 1007 4225 obtineret
1020 4167 1073 4223 wie
1085 4170 1341 4224 reteuturu‘duroh·

169 4242 338 4314 Apposition
352 4258 386 4294 zu
400 4241 450 4296 der
462 4240 503 4294 im
516 4242 634 4311 rorigeri
647 4241 728 4296 Setae
782 4241 897 4297 setzen'.

169 4316 332 4385 gegebenen
356 4311 616 4382 Zeitbestimmung.
662 4312 728 4367 Um·
818 4310 866 4366 511.
885 4318 910 4365 4.
928 4310 1129 4378 denotantibus,
1147 4309 1271 4364 namlich
1289 4310 1343 4363 mit

170 4385 289 4456 gekebrt
306 4381 354 4437 bei
370 4381 429 4437 Liv.
448 4386 474 4451 4,
493 4387 536 4451 30,
558 4389 598 4437 12.
783 4383 837 4435 den
851 4382 958 4450 Augen.
991 4377 1143 4436 01101111.
1159 4384 1343 4447 11211111

1076 4468 1129 4522 13*
