3092 4834
222 251 288 316 262
365 253 396 306 P.
417 250 589 307 CORNELII
606 249 729 306 TAOITI
746 250 795 304 AB
814 249 976 306 Excusso
994 250 1073 306 DIVI
1091 249 1249 305 AUGUSTI

222 414 393 479 clamitans
413 414 460 479 sic
478 413 625 479 inchoari
644 434 775 497 annum,
793 413 853 478 has
870 411 988 478 Seiano
1008 412 1155 477 victimas
1172 413 1294 478 cadere.
1331 436 1397 497 quo

222 502 416 567 intendisset
439 503 564 589 oculos,
589 524 653 587 quo
677 502 776 566 verba
800 503 992 585 acciderent,
1016 501 1094 585 fuga
1118 503 1269 586 vastitas,
1293 502 1400 567 deseri

220 591 340 655 itinera
363 590 444 656 fora.
485 594 518 655 et
541 592 671 675 quidam
694 590 963 676 regrediebantur
982 591 1255 674 ostentabantque
1274 613 1308 655 se
1327 613 1398 655 rur·
1529 628 1537 657 t

221 701 307 761 sum,
335 678 368 743 id
396 680 503 763 ipsum
531 683 699 763 paventes,
728 679 813 762 quod
841 679 1035 744 timuissent.
1081 700 1176 762 quem
1199 680 1287 744 enim
1310 679 1397 744 diem

168 785 203 834 10
221 789 357 833 vaenum
385 790 502 853 poena,
530 768 587 832 ubi
614 769 699 831 inter
726 788 819 832 sacra
847 772 880 832 et
907 771 996 851 vota,
1025 789 1088 851 quo
1115 770 1261 852 tempore
1287 769 1396 833 serbis

221 856 320 921 etiam
342 856 487 939 profanis
511 856 669 920 abstineri
693 878 763 920 mos
789 860 883 939 esset,
906 856 1013 920 vincla
1036 860 1069 919 et
1091 856 1225 939 laqueus
1243 857 1398 922 inducan-

220 945 297 1009 tur?
343 967 411 1011 000
433 945 658 1028 inprudentem
680 943 846 1008 Tiberium
869 947 996 1008 tantam
1019 944 1175 1009 invidiam
1200 944 1316 1031 adisse,
1339 946 1398 1010 sed

220 1033 404 1116 quaesitum
442 1033 711 1116 meditatumque,
746 1054 788 1096 ne
826 1032 902 1116 quid
939 1032 1096 1116 impedire
1130 1033 1293 1117 credatur,
1330 1056 1396 1118 quo

219 1122 325 1187 minus
349 1122 426 1187 novi
449 1123 671 1206 magistratus,
695 1142 757 1204 quo
782 1122 878 1187 modo
903 1121 1037 1185 delubra
1061 1124 1094 1185 et
1112 1122 1236 1204 altaria,
1260 1122 1307 1186 sic
1326 1144 1396 1186 car·

168 1227 200 1276 11
219 1232 324 1275 cerem
347 1211 525 1275 recludant.
568 1213 695 1275 secutae
717 1211 850 1293 insuper
872 1210 1001 1275 litterae
1020 1213 1130 1294 grates
1150 1211 1284 1295 agentis,
1308 1212 1397 1294 quod

220 1299 385 1364 hominem
413 1299 576 1363 infensum
600 1299 647 1362 rei
670 1299 820 1383 publicae
843 1298 1058 1381 punivissent,
1086 1297 1211 1364 adiecto
1234 1300 1397 1381 trepidam

220 1388 283 1452 sibi
302 1389 412 1472 vitam,
432 1392 596 1471 suspectas
615 1387 820 1451 inimicorum
838 1387 984 1471 insidias,
1002 1386 1092 1451 nullo
1111 1387 1304 1451 nominatim
1319 1409 1396 1452 000-

219 1476 355 1562 pellat03
382 1498 484 1560 neque
509 1481 619 1541 tamen
643 1476 853 1540 dubitabatur
875 1476 909 1539 in
932 1475 1096 1540 Neronem
1120 1479 1153 1539 et
1175 1476 1395 1560 Agrippinam

219 1564 353 1630 intendi.

166 1653 206 1718 71
308 1651 352 1718 Ni
373 1653 453 1718 mihi
473 1654 671 1718 destinatum
689 1652 775 1717 foret
794 1674 886 1716 suum
907 1673 1052 1736 quaeque
1070 1653 1105 1716 in
1125 1674 1245 1716 annum
1264 1652 1395 1732 referre,

219 1742 336 1807 avebat
363 1743 490 1806 animus
519 1743 620 1806 antire
648 1742 824 1824 statimque
848 1761 1027 1804 memorare
1051 1741 1170 1820 exitus,
1201 1763 1282 1825 quos
1306 1741 1394 1806 Lati·

218 1831 292 1894 nius
327 1834 423 1913 atque
451 1828 569 1913 Opsius
602 1828 762 1912 ceterique
792 1828 907 1910 flagitii
937 1829 1005 1892 eius
1032 1834 1214 1911 repertores
1242 1829 1395 1916 habuere,

217 1940 283 1983 nou
312 1918 408 1984 modo
431 1922 606 2003 postquam
629 1916 728 1981 Gaius
753 1915 872 1981 Caesar
894 1939 1002 1981 rerum
1026 1919 1151 2001 potitus
1176 1923 1239 2001 est,
1268 1918 1321 1983 sed
1346 1919 1395 1983 in·

183 2007 336 2071 oaolumi
364 2006 507 2088 Tiberio,
540 2007 595 2088 qui
628 2006 784 2069 scelerum
817 2005 983 2069 ministros
1015 2010 1051 2069 ut
1078 2006 1220 2089 perverti
1249 2007 1290 2070 ab
1320 2007 1394 2071 aliis

216 2094 363 2176 nolebat,
390 2095 437 2159 ita
464 2094 654 2178 plerumque
683 2094 819 2158 satiatus
844 2098 876 2157 et
900 2094 1018 2159 oblatis
1041 2093 1076 2157 in
1100 2095 1235 2158 eandem
1259 2117 1393 2178 operam

217 2182 400 2246 recentibus
432 2186 557 2248 veteres
590 2186 623 2247 et
655 2203 849 2267 praegraves
882 2182 1020 2246 adflixit:
1057 2204 1169 2247 verum
1201 2184 1262 2247 has
1295 2188 1394 2268 atque

218 2269 297 2334 alias
322 2272 611 2355 sontiumpoenas
634 2271 837 2353 intempore
861 2271 1035 2335 trademus.
1078 2275 1148 2335 tum
1172 2272 1300 2337 censuit
1319 2273 1393 2337 Asi-

217 2498 272 2552 den
294 2497 364 2552 Hals
391 2500 496 2569 gelegt.
522 2530 554 2538 —
578 2498 631 2553 Dio
660 2498 774 2563 erz'dhlt,
828 2497 901 2551 nach
936 2498 991 2551 den
1022 2497 1174 2567 negativen
1205 2497 1391 2552 Ausdriiolren

217 2569 263 2622 die
280 2570 382 2625 Lciehe
407 2569 455 2624 des
475 2569 594 2623 Sabinus
613 2569 654 2624 sei
672 2569 701 2622 10
720 2568 775 2622 deu
830 2569 879 2622 des
899 2567 1046 2621 Zweiielns
1066 2585 1086 2622 s.
1107 2567 1179 2624 Einl.
1199 2574 1222 2633 5.
1243 2574 1285 2622 80.

215 2638 298 2694 Tiber
319 2641 462 2709 geworfen
485 2640 606 2707 worden,
635 2641 692 2694 und
716 2639 775 2693 sein
867 2638 914 2693 71.
938 2643 963 2692 2.
987 2640 1091 2704 000101,
1124 2640 1158 2693 cf.
1178 2637 1390 2707 0100100112,

215 2709 308 2778 Hand,
327 2711 377 2765 der
395 2711 454 2765 ihm
478 2711 565 2765 dahin
588 2710 711 2780 gesolgt,
735 2710 776 2763 sei
831 2715 877 2777 19,
902 2714 934 2763 67
963 2711 1125 2764 admonebat
1151 2727 1192 2764 me
1213 2726 1264 2776 res,
1288 2715 1321 2764 ut
1342 2712 1392 2766 boe

215 2780 275 2834 ihm
293 2781 553 2852 nachgesprungen.
830 2796 932 2849 quoque
951 2781 1008 2834 1000
1026 2782 1253 2835 intermissionem
1266 2782 1391 2850 eloquen-

253 2858 276 2906 6.
296 2869 349 2922 quo
366 2854 527 2907 intendisset
545 2858 591 2908 ott.
627 2840 703 2907 liber
721 2852 776 2907 den
829 2852 1036 2917 tiue,nedieum
1048 2853 1200 2920 interitum,
1212 2852 1391 2921 deplorarem,

217 2921 392 2992 Konjunktiv
411 2941 433 2978 0.
452 2922 525 2977 11101.
545 2929 568 2988 §-
588 2928 631 2978 86.
828 2923 861 2975 ni
882 2938 1000 2989 0000000,
1023 2939 1057 2976 ne
1080 2924 1113 2977 de
1135 2939 1175 2976 me
1198 2924 1257 2990 ipsc
1282 2924 1391 2991 aliquid

253 2994 457 3059 7000100000,
479 2992 774 3060 0111101429000010
828 2993 934 3047 uiderer
970 2995 1055 3061 queri.
1105 2991 1308 3060 Breviloquenz
1344 2992 1391 3046 fiir

216 3063 319 3116 elamor
346 3064 496 3130 0001010001,
524 3063 584 3116 Liv.
604 3068 653 3131 27,
674 3069 720 3129 15,
741 3069 773 3117 16
828 3064 990 3117 admonebat
1012 3065 1088 3133 eique
1107 3065 1290 3118 admonitioni
1305 3080 1387 3131 pare·

216 3133 289 3187 unde
323 3136 440 3187 manime
472 3134 604 3188 terribdis
635 3135 774 3188 accidebat
828 3150 883 3188 rem
906 3163 949 3190 -.
988 3133 1024 3187 Sc
1044 3138 1092 3188 Aa.
1108 3140 1123 3187 2
1139 3139 1162 3198 ἕ.
1178 3139 1214 3187 64
1236 3135 1389 3189 auctoritas

216 3218 307 3257 sonus.
341 3233 375 3243 —
402 3204 472 3275 fuya
503 3205 627 3258 uastitas.
673 3203 774 3259 Solehe
828 3210 908 3259 10010
934 3221 975 3258 me
1001 3206 1136 3270 movebat,
1167 3207 1224 3259 nisi
1252 3211 1284 3259 tu
1307 3221 1390 3274 oppo-

216 3273 351 3343 Subjelrte
398 3275 446 3330 des
487 3274 660 3329 Nachsatacs
701 3276 773 3329 ohne
827 3277 935 3341 suisses,
948 3274 1024 3344 legg.
1040 3281 1131 3341 1§.52
1147 3277 1258 3330 labetur
1273 3277 1390 3344 10009100,

217 3345 342 3400 Verbum
358 3344 431 3400 liebt
449 3347 528 3412 Tau,
548 3346 582 3400 01.
602 3351 627 3413 2,
644 3352 678 3401 82
697 3347 774 3401 dolor
827 3348 885 3400 nisi
911 3363 951 3400 me
978 3347 1161 3413 retinuissem,
1189 3347 1246 3401 div.
1271 3353 1284 3399 1
1309 3352 1333 3411 6.
1355 3353 1389 3400 26

216 3418 275 3484 ira,
298 3416 363 3472 hist.
384 3424 412 3484 2,
432 3423 466 3471 29
485 3418 620 3487 pendium
637 3419 776 3472 miseratio
829 3418 879 3471 ubi
893 3422 952 3472 0001
965 3434 1121 3483 mansurus,
1134 3418 1160 3471 si
1168 3419 1209 3472 ire
1214 3419 1388 3486 perrexisset.

217 3489 306 3555 favor,
324 3487 391 3557 Agr.
409 3494 441 3542 17
460 3491 554 3557 000901
568 3491 658 3556 duces,
676 3489 776 3559 0900911
830 3487 1012 3556 Vollstaudig
1030 3488 1096 3543 fam.
1117 3494 1140 3552 7,
1155 3495 1180 3554 3,
1195 3494 1211 3542 2
1231 3490 1263 3542 in
1281 3505 1313 3542 00
1330 3504 1391 3543 seu·

216 3561 362 3626 exercitus,
376 3561 484 3615 minuta
497 3561 615 3614 bostium
628 3576 696 3629 spes,
711 3576 774 3614 ann.
830 3560 918 3613 tentia
953 3559 1098 3613 uidebatur
1128 3560 1201 3627 fore,
1237 3565 1262 3613 01
1293 3560 1392 3626 fuisset

217 3636 247 3696 4,
277 3636 310 3684 63
343 3645 489 3685 concensus
517 3661 551 3672 -
577 3637 602 3685 et
633 3637 776 3698 certamen,
829 3630 958 3695 fortusse,
990 3631 1048 3684 nisi
1079 3633 1206 3698 coepisset
1234 3631 1293 3684 suis
1320 3632 1392 3684 mit-i·

217 3700 323 3769 101012,
338 3705 373 3755 46
391 3703 493 3756 0100000
511 3708 536 3756 01
553 3703 677 3771 penitus,
695 3708 721 3769 4,
740 3706 775 3754 46
830 3701 903 3754 tibus
939 3701 1080 3767 confidere.
1131 3698 1244 3770 (Mulier
1276 3700 1312 3755 de
1344 3700 1391 3755 off.

218 3777 304 3827 metus
322 3777 347 3826 01
364 3772 491 3838 farmido.
830 3787 858 3839 p.
879 3772 1039 3839 126-126.)

255 3847 296 3897 12.
316 3860 372 3897 non
385 3843 576 3912 inpendentem
596 3843 687 3896 ‘nicht
706 3842 778 3896 ohne
868 3842 1170 3897 4100010001Το’110010
1199 3840 1393 3910 Diesgiltnur

218 3913 357 3968 Absicht'.
832 3929 892 3966 von·
907 3912 1042 3979 Latiaris,
1066 3913 1116 3966 der
1138 3912 1177 3965 im
1195 3912 1221 3965 J.
1244 3918 1277 3966 32
1297 3930 1392 3967 rerur-

255 3989 297 4037 16.
316 3985 430 4051 adiecto,
449 4002 471 4039 0.
489 3983 561 4037 Ε101.
581 3989 605 4049 t.
621 3988 686 4049 112,
701 3982 728 4038 b.
832 3982 897 4037 teilt
915 3982 993 4038 wird.
1031 3984 1084 4052 Vg.
1104 3990 1133 4052 6,
1152 3989 1177 4038 4.

256 4059 298 4108 17.
325 4060 464 4124 suspectus
492 4054 701 4124 ‘geargwthnt
730 4069 779 4122 ge·
869 4058 893 4107 7.
935 4056 1100 4123 0000900010
1144 4071 1200 4109 von
1249 4053 1393 4109 Personas

217 4124 337 4192 fiirchet,
359 4143 393 4178 au
411 4125 562 4180 ftrchten’.
600 4124 636 4180 So
655 4125 714 4180 Liv.
734 4130 778 4192 24,
834 4124 1127 4193 ε111101101000000000,
1143 4125 1319 4193 dberlastig’,
1338 4124 1392 4179 wie

219 4200 266 4260 40,
292 4199 306 4246 1
339 4196 411 4263 quod
442 4197 499 4249 iam
531 4201 595 4251 00010
625 4200 779 4264 suspectam
834 4200 880 4262 11,
902 4200 949 4261 190
970 4201 1016 4263 14,
1036 4201 1065 4263 33
1085 4198 1150 4251 hist.
1171 4202 1199 4262 1,
1219 4202 1266 4263 213
1285 4203 1315 4263 6,
1336 4201 1378 4253 66.

217 4266 321 4332 fuerat,
338 4269 440 4318 motum
459 4266 556 4321 bellum
575 4272 622 4335 est,
642 4268 698 4334 vgl.
713 4282 777 4320 ann.
868 4272 892 4320 8.
912 4252 988 4319 liber
1005 4266 1124 4322 Asinius
1142 4272 1253 4334 0.1,12
1272 4266 1330 4320 und
1351 4272 1392 4321 13.

217 4341 248 4403 3,
268 4339 315 4402 52,
334 4339 359 4388 2.
405 4345 409 4354 “
831 4336 869 4389 Er
891 4337 971 4391 hatte
994 4336 1040 4390 die
1063 4336 1212 4406 Vipsania,
1236 4337 1394 4391 Schwester

256 4411 298 4459 19.
321 4404 436 4458 intendi.
478 4391 553 4459 liber
576 4407 631 4461 den
653 4406 778 4461 Infinitiv
832 4405 883 4460 der
901 4407 1056 4477 Agrippina
1074 4409 1132 4462 und
1150 4408 1224 4462 einst
1242 4406 1393 4462 Gemahliu
