3092 4834
226 235 289 301 162
369 236 399 292 Ρ.
420 236 591 292 CORNELII
609 236 731 292 TACITI
749 237 798 291 AB
816 236 977 293 Excusso
996 237 1074 292 DIVI
1091 236 1249 295 AUGUSTI

185 402 203 465 7
311 400 392 466 Tum
417 404 512 466 exuto
535 400 660 466 iustitio
684 401 822 465 reditum
848 402 887 466 ad
908 402 1026 484 munia,
1046 405 1079 465 et
1097 400 1221 466 Drusus
1239 400 1387 486 Illyricos

224 489 263 554 ad
288 489 445 554 exercitus
468 489 632 574 profectus
656 494 718 573 est,
742 489 855 555 erectis
882 490 1025 554 omnium
1049 491 1165 555 animis
1189 490 1346 575 petendae
1371 512 1387 554 e

222 578 339 643 Pisone
371 577 503 644 ultionis
540 582 573 643 ct
605 579 716 644 crebro
749 581 879 663 questu,
912 579 997 662 quod
1029 600 1132 664 vagus
1169 580 1300 644 interim
1331 602 1389 664 per

222 688 357 732 amoena
381 665 478 731 Asiae
506 669 603 752 atque
626 667 768 732 Achaiae
793 667 965 752 adroganti
992 671 1024 731 et
1047 667 1184 732 subdola
1206 689 1298 733 mora
1322 690 1388 734 see·

185 756 323 820 clerum
341 756 548 839 probationes
568 757 778 822 subverteret.
815 777 891 819 nam
909 757 1079 841 vulgatum
1098 760 1168 821 erat
1189 757 1331 840 missam,
1351 764 1388 822 ut

219 843 299 928 dixi,
324 866 343 908 a
366 841 422 909 On.
448 842 560 910 Sentio
583 845 742 910 famosam
764 844 927 910 veneficiis
950 844 1124 909 Martinam
1151 845 1260 910 subita
1282 849 1387 911 morte

219 932 382 997 Brundisii
410 934 600 1013 extinctam,
625 955 845 1018 venenumque
872 933 957 999 nodo
986 934 1120 999 crinium
1149 934 1218 999 eius
1248 935 1386 999 occulta-

219 1025 299 1108 tum,
319 1043 379 1086 nec
402 1023 469 1086 ulla
492 1023 526 1086 in
549 1044 682 1105 corpore
707 1023 801 1108 signa
825 1022 945 1106 sumpti
969 1023 1059 1087 exitii
1082 1028 1217 1106 reperta.

179 1111 199 1176 8
307 1111 352 1175 At
374 1109 450 1175 Piso
473 1111 651 1195 praemisso
675 1112 709 1175 in
732 1113 845 1176 urbem
869 1112 938 1175 filio
963 1111 1110 1195 datisque
1133 1111 1305 1197 mandatis,
1328 1133 1385 1194 per

219 1221 300 1284 quae
317 1199 497 1283 principem
515 1200 666 1284 molliret,
685 1200 726 1264 ad
745 1200 887 1265 Drusum
906 1200 1021 1284 pergit,
1045 1222 1138 1284 quem
1162 1199 1249 1265 haud
1271 1200 1383 1265 fratris

218 1288 351 1352 interitu
375 1291 498 1352 trucem
517 1310 614 1372 quam
632 1292 756 1353 remoto
781 1289 908 1353 aemulo
932 1288 1116 1372 aequiorem
1140 1289 1201 1353 sibi
1225 1289 1384 1372 sperabat.

218 1376 366 1441 Tiberius
389 1399 452 1461 quo
475 1378 635 1462 integrum
663 1378 816 1443 iudicium
840 1381 1033 1462 ostentaret,
1057 1382 1224 1462 exceptum
1248 1377 1383 1443 comiter

182 1480 198 1528 a
217 1466 365 1530 iuvenem
385 1469 478 1530 sueta
496 1486 574 1550 erga
592 1467 676 1531 filios
694 1466 893 1530 familiarum
911 1465 1037 1530 nobiles
1058 1465 1254 1531 liberalitate
1278 1470 1390 1550 auget.

217 1554 342 1619 Drusus
365 1552 492 1637 Pisoni,
517 1556 544 1619 si
567 1576 644 1619 vera
666 1555 773 1620 forent
797 1576 878 1639 quae
901 1553 1096 1639 iacerentur,
1119 1555 1327 1639 praecipuum
1355 1556 1391 1619 in

218 1642 329 1708 dolore
353 1665 445 1707 suum
474 1643 582 1708 locum
605 1643 782 1727 respondit:
811 1642 866 1707 sed
890 1643 987 1708 malle
1015 1643 1098 1708 falsa
1126 1647 1159 1708 et
1186 1644 1295 1708 inania
1329 1665 1389 1708 nec

218 1732 366 1817 cuiquam
395 1737 532 1796 mortem
562 1729 745 1796 Germanici
777 1732 945 1796 exitiosam
978 1753 1057 1797 esse.
1106 1732 1186 1796 haec
1214 1734 1324 1816 palam
1358 1737 1389 1796 et

217 1818 320 1886 vitato
340 1819 428 1885 omni
447 1823 583 1903 secret03
606 1842 710 1902 neque
729 1820 962 1885 dubitabantur
979 1821 1180 1905 praescripta
1200 1822 1230 1885 ei
1253 1844 1272 1886 a
1292 1820 1388 1885 Tibe·

166 1925 198 1973 10
216 1908 280 1994 rio,
307 1930 379 1973 cum
406 1908 577 1974 incallidus
611 1909 732 1993 alioqui
765 1913 797 1974 et
828 1909 934 1974 facilis
966 1909 1096 1974 iuventa
1130 1910 1283 1974 senilibus
1319 1914 1388 1973 tum

218 1997 341 2061 artibus
364 2000 518 2062 uteretur.

177 2086 197 2149 9
305 2085 381 2151 Piso
404 2084 588 2151 Delmatico
615 2086 696 2150 mari
724 2087 875 2151 tramisso
898 2087 1084 2170 relictisque
1108 2086 1193 2170 apud
1216 2086 1386 2151 Anconam

216 2173 354 2238 navibus
390 2195 448 2258 per
478 2174 632 2240 Picenum
668 2197 705 2240 ac
743 2197 819 2240 mox
850 2173 1046 2240 Flaminiam
1080 2175 1165 2240 viam
1198 2175 1387 2258 adsequitur

216 2261 390 2348 legionem,
414 2285 496 2347 quae
524 2285 541 2327 ε
563 2261 734 2329 Pannonia
761 2265 795 2327 in
825 2263 950 2347 urbem,
973 2263 1046 2328 dein
1069 2264 1231 2348 praesidio
1254 2263 1385 2329 Africae

216 2351 403 2435 ducebatur3
433 2373 533 2437 eaque
562 2375 612 2417 res
642 2353 766 2438 agitata
795 2352 992 2433 rumoribus,
1015 2357 1052 2416 ut
1077 2354 1111 2416 in
1135 2353 1264 2437 agmine
1289 2356 1384 2437 atquo

180 2440 330 2506 titinere
354 2441 466 2506 crebro
491 2463 524 2505 se
548 2441 706 2507 militibus
730 2442 972 2507 ostentavisset.
1013 2441 1054 2506 ab
1077 2439 1210 2520 Narnia,
1233 2441 1385 2506 vitandae

215 2530 406 2614 suspicionis
435 2552 475 2594 an
505 2531 581 2614 quia
603 2530 728 2615 pavidis
753 2530 889 2595 consilia
917 2529 951 2593 in
976 2529 1098 2594 incerto
1123 2536 1212 2609 sunt,
1235 2528 1322 2594 Nare
1346 2551 1385 2595 ac

214 2640 289 2684 mox
316 2618 425 2685 'liberi
457 2619 606 2684 devectus
639 2620 729 2683 auxit
760 2619 849 2702 vulgi
882 2619 962 2701 iras,
995 2618 1071 2702 quia
1108 2639 1223 2684 navem
1259 2619 1384 2684 tumulo

215 2705 389 2772 Caesarum
409 2707 578 2791 adpulerat
597 2707 710 2792 dieque
734 2712 767 2772 ct
790 2707 861 2790 ripa
885 2706 1056 2791 frequenti,
1074 2728 1193 2792 magno
1217 2706 1383 2772 clientium

214 2846 331 2916 obliqua,
341 2846 406 2900 weil
415 2846 496 2900 nicht
504 2847 641 2916 Tiberius,
651 2847 771 2902 sondern
826 2844 962 2900 Umbrien
981 2846 1037 2899 und
1051 2845 1185 2901 mfindete
1203 2845 1250 2900 bei
1263 2845 1386 2900 Nuceria

214 2916 328 2970 Tacitus
348 2917 462 2987 spricht.
825 2915 855 2970 in
880 2916 924 2969 die
947 2915 1003 2970 Via
1025 2915 1176 2985 Flaminia,
1203 2916 1309 2971 welche
1339 2916 1385 2970 bei

252 2987 278 3040 l.
298 2993 323 3041 2.
337 2989 430 3043 erectis
444 2986 515 3041 ‘sich
530 2985 696 3056 aufrichten,
711 2987 770 3042 auf·
825 2986 986 3041 Interamna
1006 2987 1061 3041 dan
1078 2987 1149 3055 Nar,
1173 2988 1254 3042 einen
1272 2985 1382 3042 Neben-

213 3056 324 3125 raffen',
338 3076 359 3112 s.
373 3064 398 3125 2,
414 3063 447 3112 at
461 3058 643 3125 famoclaasis
656 3060 771 3113 entheae
825 3057 888 3111 flufs
908 3057 957 3111 der
974 3056 1071 3126 Tiber,
1090 3056 1267 3112 iiberschritt.

215 3127 355 3183 Gaesarem
391 3131 428 3183 od
468 3130 642 3184 coercendum
677 3130 770 3196 erexit,
861 3135 885 3182 4.
905 3133 937 3182 ut
957 3127 1033 3183 ‘wie’
1054 3128 1127 3184 nach
1143 3128 1243 3183 Verbis
1261 3127 1383 3196 dicendi,

214 3197 280 3253 hist.
305 3206 330 3265 3,
349 3204 382 3253 59
408 3204 511 3254 uectus
529 3230 561 3238 ·-
583 3200 770 3255 aemulatione.
826 3203 1026 3267 s.zu1,cr.-
1040 3200 1383 3271 inapmiueatqueitiuere

214 3269 254 3323 Zu
265 3271 397 3339 petendae
414 3271 529 3325 ultionis
548 3287 569 3325 s.
584 3269 656 3324 Einl.
671 3276 695 3335 ξ.
711 3269 770 3326 1ῠ8.
825 3269 871 3337 (cf.
886 3268 951 3324 hist.
968 3275 991 3339 1,
1007 3277 1041 3325 23
1055 3272 1087 3325 iu
1100 3273 1205 3338 itiuere,
1219 3272 1250 3324 iu
1264 3271 1383 3339 upmiue)

215 3339 268 3396 Die
281 3341 521 3396 Freinsheimsche
541 3340 706 3410 Konjektur,
724 3358 772 3411 ape
827 3340 868 3393 ‘in
883 3341 932 3394 der
941 3339 1174 3396 Marschkolonne
1188 3341 1245 3394 und
1259 3341 1309 3394 auf
1319 3340 1384 3394 dem

214 3429 264 3468 vor
273 3412 637 3482 peterdaeeinzuschieben,
652 3414 770 3468 soblen·
825 3412 961 3466 Marsche’
996 3411 1067 3481 (also
1099 3432 1122 3469 z.
1142 3412 1172 3465 B.
1204 3412 1277 3467 auch
1309 3411 1383 3466 baim

214 3483 288 3539 dend
306 3484 347 3538 sie
365 3484 411 3553 ist,
432 3484 471 3539 ist
489 3484 562 3539 doch
580 3483 706 3554 unnttig.
824 3480 1028 3554 Rendeavoas).

250 3561 274 3611 6.
293 3555 456 3612 Murtiuam.
492 3554 557 3625 Vgl.
577 3561 601 3623 2,
623 3561 663 3610 74.
861 3559 885 3609 7.
899 3555 967 3624 quia
981 3553 1060 3609 nicht
1074 3552 1174 3622 ‘weil’,
1189 3553 1308 3608 sondern
1323 3553 1383 3608 ‘da-

249 3628 486 3696 acceperuut.
506 3625 771 3696 Vgl.14,7exitium
824 3625 912 3679 durch
936 3624 1008 3690 dafs,
1032 3624 1148 3679 indem’.
1190 3624 1253 3694 Vgl.
1279 3631 1325 3692 16,
1349 3630 1383 3679 23

210 3699 349 3768 eunapii
366 3701 488 3754 molitam
505 3704 617 3752 matrem
630 3704 654 3751 et
667 3700 771 3767 pudore
824 3697 984 3763 offensiones
1006 3696 1144 3766 principis
1167 3696 1248 3750 aucit
1274 3696 1385 3751 iuditio

212 3770 370 3839 deprehensi
382 3771 487 3825 sceleris
500 3775 609 3824 mortem
618 3771 769 3837 sumpsisse.
824 3774 904 3835 utque
917 3768 1059 3822 industrio
1072 3773 1097 3821 et
1110 3768 1177 3835 quia
1186 3768 1284 3836 portui
1295 3766 1384 3837 Ephe·

249 3839 278 3895 8.
294 3847 318 3897 2.
333 3842 456 3895 haud-
470 3858 559 3909 quam.
583 3840 620 3893 Es
634 3839 707 3894 fehlt
721 3840 770 3893 das
824 3840 927 3892 ciorum
937 3838 1385 3906 upericudocurumiusurapserot.

213 3909 423 3966 Demonstrativ
443 3918 512 3977 tacu
536 3910 610 3965 after
627 3910 706 3965 nicht
723 3909 771 3965 bei
824 3907 876 3963 Bai
891 3908 945 3962 den
958 3907 1129 3975 Klassilrern,
1150 3909 1309 3976 abgesehen
1328 3924 1383 3963 ron

213 3978 339 4049 Tacitus,
367 3981 440 4037 doch
467 3983 554 4036 sehon
585 3980 630 4035 bei
653 3981 769 4035 Plautus
825 3978 887 4033 dem
910 3995 971 4034 cum
993 3980 1043 4033 der
1065 3979 1213 4046 Identittt,
1239 3978 1328 4034 lieber
1351 3994 1383 4033 so

212 4048 284 4106 Rud.
293 4058 354 4119 943,
363 4051 410 4107 bei
419 4053 513 4107 Livius
522 4057 769 4120 2,56‚e;25,15,a.
823 4051 905 4119 quod,
925 4049 977 4104 wie
996 4069 1018 4106 a.
1037 4048 1068 4105 B.
1088 4049 1145 4105 cic.
1163 4066 1214 4119 pro
1234 4051 1317 4105 Arch.
1336 4055 1351 4115 5
1367 4056 1383 4104 6

250 4128 273 4176 3.
293 4124 445 4191 aequiorem
461 4124 597 4193 sperabat,
616 4139 638 4176 s.
657 4128 682 4189 2,
701 4127 744 4178 56.
787 4133 791 4139 “
823 4121 1002 4189 adficiebatur
1032 4137 1136 4175 summo
1167 4122 1279 4188 houore,
1312 4122 1384 4190 quod

250 4198 275 4247 9.
285 4193 484 4247 dubitabantur
493 4195 675 4262 praescripto.
694 4183 770 4246 Uber
823 4208 883 4245 eum
897 4221 931 4230 -
946 4192 1076 4259 colebant,
1091 4192 1128 4245 ad
1141 4190 1199 4247 Att.
1215 4196 1293 4259 1,17‚
1308 4198 1324 4245 5
1338 4208 1383 4246 ue·

214 4261 269 4315 den
283 4259 394 4315 Nomin.
409 4280 472 4316 eum
485 4264 561 4317 infin.
576 4282 596 4319 s.
609 4263 682 4318 Einl.
692 4269 715 4329 5.
726 4268 768 4318 82.
823 4262 955 4330 quainter
964 4279 1004 4317 rue
1014 4269 1094 4333 utque
1103 4268 1128 4318 le
1141 4264 1286 4332 quicquum
1299 4264 1383 4317 iuter-

208 4401 210 4404 ι
249 4331 278 4384 9.
293 4337 317 4385 2.
332 4331 395 4384 Von
408 4331 522 4386 Ancona
536 4350 586 4386 aus
599 4334 693 4388 fdhrte
707 4335 769 4389 eine
824 4348 877 4387 ease
899 4333 970 4386 riuui
984 4341 1095 4401 praeter
1116 4335 1281 4388 saluritatem
1304 4334 1384 4387 iusti·

213 4399 394 4454 Lundstrafse
422 4400 509 4455 durch
537 4401 669 4459 Picenum
696 4405 769 4458 nach
824 4408 900 4458 tutae
917 4404 999 4471 vitoe,
1016 4405 1141 4473 quadrae
1160 4404 1272 4458 ambitio
1291 4405 1381 4459 eluxit.
