3092 4834
218 265 284 328 104
371 265 401 318 P.
419 264 592 320 conam
610 265 730 319 ‘taem
748 266 798 319 AB
816 265 976 320 sufflat
994 266 1071 320 Dll'I
1089 265 1247 319 Al'Gl'STI

214 427 383 493 Arminius
409 428 633 514 proeliumque
659 430 868 498 denuntians:
899 452 973 494 nam
1005 427 1158 513 pleraque
1185 429 1301 493 latino
1327 451 1392 493 ser-

214 538 310 582 mone
341 517 577 602 interiaciebst,
607 525 646 582 ut
676 522 734 603 qui
760 518 916 585 Romanis
949 521 983 582 in
1010 521 1123 583 eastris
1151 519 1264 583 ductor
1290 540 1393 603 popu·

214 605 330 671 larium
353 609 529 672 meruisset

173 696 212 762 11
304 694 439 762 Postero
481 697 533 761 die
569 695 803 762 Germanorum
844 699 928 761 acies
965 703 1055 762 trans
1091 696 1256 783 Visurgim
1292 698 1391 761 stetit

214 780 330 850 Cacw
356 785 420 851 uisi
445 786 602 871 pontibus
628 786 861 871 praesidiisque
891 787 1042 871 inpositis
1065 786 1140 852 dare
1162 788 1197 850 in
1219 786 1390 851 discrimen

213 871 358 960 legiones
390 874 478 939 haud
514 876 760 959 imperatorium
791 881 895 958 ratus,
931 878 1072 960 equitem
1109 876 1191 940 rado
1228 877 1390 939 tramittit

213 963 381 1046 praefuere
417 963 592 1030 Stertinius
636 971 670 1028 et
705 988 722 1028 e
763 987 898 1030 numero
939 966 1186 1049 primipilarium
1222 964 1391 1046 Aemilius,

186 1050 409 1122 sdistentibus
426 1052 507 1118 loeis
529 1054 658 1136 invecti,
679 1059 717 1118 ut
739 1053 866 1119 hostem
885 1054 1081 1120 diducerent
1119 1078 1184 1137 qua
1206 1055 1390 1119 celerrimus

212 1142 326 1224 amnis,
344 1140 557 1207 Chariovalda
575 1142 640 1208 dux
653 1142 850 1208 Batavorum
864 1146 980 1228 erupit
1024 1165 1098 1208 eum
1113 1143 1266 1212 Cherusci
1279 1144 1389 1228 fugam

213 1231 403 1296 simulantes
434 1233 468 1296 iu
500 1232 670 1317 planitiem
702 1232 839 1297 saltibus
870 1234 1108 1299 circumiectam
1144 1238 1283 1312 traxere,
1315 1233 1390 1295 dein

212 1319 317 1386 coorti
343 1325 378 1386 et
406 1321 549 1405 undique
576 1321 669 1387 effusi
696 1320 832 1386 trudunt
863 1323 1028 1402 adversos,
1055 1325 1177 1387 instant
1204 1321 1389 1386 cedentibus

213 1408 430 1495 collectosque
457 1409 492 1474 in
519 1410 629 1477 orbem
657 1433 733 1496 pars
755 1414 933 1495 congressi,
960 1412 1091 1494 quidam
1115 1413 1240 1475 eminus
1263 1415 1389 1494 protur-

172 1498 299 1568 ubaut.
345 1497 558 1564 Chariovalda
589 1499 653 1582 diu„
676 1504 856 1564 sustentata
889 1501 1032 1565 hostium
1064 1501 1210 1580 saevitia,
1241 1500 1388 1564 hortatus

212 1609 288 1653 suos
320 1593 357 1652 ut
389 1589 575 1674 ingruentes
606 1593 749 1653 catervas
782 1587 881 1674 globo
907 1589 1159 1675 perfringerent,
1191 1593 1288 1673 atquc
1319 1589 1389 1672 ipse

212 1676 420 1743 densimimos
440 1678 636 1762 inrumpens,
659 1681 822 1763 congestis
844 1678 918 1742 telis
941 1684 975 1742 et
997 1679 1134 1743 suffosso
1158 1700 1241 1760 equo
1259 1677 1389 1758 labitur,

210 1788 248 1830 ac
280 1767 376 1831 multi
408 1766 566 1832 nobilium
602 1769 699 1831 circa:
736 1771 858 1831 ceteros
889 1769 938 1831 vis
975 1790 1034 1832 sua
1069 1772 1126 1832 aut
1157 1768 1281 1850 equites
1315 1788 1389 1831 cum

211 1852 368 1920 Stertinio
391 1855 595 1939 Aemilioque
618 1854 844 1921 subvenientes
867 1857 1011 1940 periculo
1035 1879 1188 1921 exemere.

169 1946 211 2011 12
302 1942 418 2009 Caesar
444 1948 663 2030 transgressus
690 1944 857 2031 Visurgim
884 1946 1004 2012 indicio
1035 1946 1190 2031 perfugae
1221 1943 1389 2030 cognoscit

212 2031 372 2098 delectum
415 2032 455 2097 ab
492 2032 641 2099 Arminio
677 2034 786 2099 locum
827 2057 965 2120 pugnae,
1006 2037 1194 2100 convenisse
1235 2038 1269 2098 et
1308 2033 1386 2097 alies

211 2122 359 2188 nationes
399 2123 434 2186 in
470 2123 584 2187 silvam
621 2121 753 2187 Herculi
794 2144 916 2188 sacram
958 2145 1158 2208 ausurosque
1198 2127 1386 2189 nocturnam

211 2215 388 2277 pachorum
413 2212 697 2298 oppugnationem.
749 2211 861 2277 habite
883 2214 983 2279 indici
1005 2213 1097 2278 fides:
1121 2218 1154 2277 et
1176 2212 1389 2278 cernebantur

184 2300 304 2388 signes
353 2303 580 2388 suggressique
629 2303 764 2386 propius
810 2302 1027 2387 speculatores
1073 2303 1178 2367 audiri
1221 2302 1386 2367 fremitum

166 2389 170 2396 ’
211 2411 368 2475 equorum
399 2392 599 2476 inmensique
631 2397 664 2456 et
700 2392 858 2457 inconditi
893 2394 1031 2478 agminis
1062 2415 1207 2457 murmur
1243 2393 1385 2455 attulere.

210 2480 311 2566 igitur
339 2481 522 2567 propinquo
551 2503 693 2546 summae
720 2483 767 2547 rei
796 2482 979 2546 discrimine
1008 2481 1223 2565 explorandos
1245 2480 1390 2544 militum

210 2571 335 2636 animos
371 2575 474 2654 ratus,
511 2592 650 2655 quonam
686 2570 720 2634 id
755 2570 852 2636 modo
888 2573 1109 2655 incorruptum
1145 2572 1243 2645 foret,
1279 2591 1387 2634 secum

210 2660 362 2746 agitabat.
401 2659 548 2725 tribunos
571 2664 605 2724 et
622 2660 826 2725 centuriones
848 2661 933 2724 laete
952 2662 1080 2744 saepius
1103 2680 1200 2743 quam
1224 2662 1388 2742 comperte

170 2775 196 2816 ιι
209 2750 367 2833 nuntiare,
384 2749 575 2814 libertorum
594 2748 722 2813 servilia
739 2749 878 2835 ingenie,
901 2751 1012 2813 amicis
1031 2751 1135 2813 inesse
1154 2748 1386 2829 adulationem

210 2837 238 2901 si
267 2839 377 2904 contio
400 2842 546 2921 vocetur,
574 2837 641 2903 illic
669 2859 799 2922 quoquc
827 2861 908 2922 quee
940 2840 1034 2922 pauci
1061 2838 1219 2923 incipient
1245 2839 1386 2920 reliquos

210 2927 402 3010 adstrepere.
448 2927 577 3012 penitus
608 2928 786 2992 noscendas
819 2932 954 3011 mentes,
987 2949 1059 2992 eum
1093 2927 1206 2992 secreti
1238 2930 1270 2990 et
1299 2927 1387 2989 incu-

210 3015 323 3081 stoditi
345 3016 429 3079 iuter
452 3015 602 3079 militaris
626 3015 715 3080 cibos
739 3037 829 3100 spem
853 3021 910 3080 aut
931 3021 1053 3081 metum
1076 3018 1266 3102 proferrent.

168 3105 208 3171 13
298 3102 402 3170 Nocte
434 3109 548 3188 coepte
575 3126 721 3189 egressus
749 3105 897 3191 augurali
929 3127 986 3190 per
1014 3108 1140 3171 occulte
1169 3111 1203 3169 et
1229 3104 1384 3192 vigilibus

247 3247 288 3296 12.
316 3239 477 3298 interlucere
498 3241 537 3296 ist
558 3242 589 3296 in
608 3241 700 3298 dieser
717 3244 770 3298 Be·
861 3251 902 3300 10.
917 3243 1386 3300 beuiumsaevitieneehdeml'or-

210 3313 337 3384 deutung
355 3313 523 3369 Taciteisch.
556 3313 620 3385 Vgl.
642 3322 665 3382 1,
686 3320 719 3368 23
738 3319 771 3371 ui
823 3333 901 3388 gang
915 3334 968 3371 von
979 3316 1046 3370 Sall.
1060 3316 1123 3386 lug.
1141 3321 1165 3383 7,
1176 3315 1267 3387 2,vgl.
1283 3320 1325 3383 15,
1344 3320 1385 3368 11.

208 3386 286 3442 miles
305 3403 398 3456 preces
424 3395 450 3443 et
471 3388 563 3441 miuus
585 3389 768 3442 compenset.
860 3402 902 3451 12.
942 3384 1019 3450 liber
1049 3396 1205 3465 inrumpere
1236 3397 1290 3450 mit
1322 3396 1387 3449 dem

246 3455 294 3513 ll·
318 3463 342 3512 2·
367 3458 434 3514 dare
448 3459 479 3514 ln
493 3458 648 3526 diliculum,
662 3458 768 3527 W1012‚
822 3466 926 3522 blossen
953 3466 1113 3521 Akkusativ
1139 3466 1195 3538 vgl.
1221 3474 1251 3536 1,
1269 3474 1304 3522 48
1328 3466 1387 3520 und

210 3534 243 3585 14
261 3546 318 3585 rem
336 3532 368 3585 iu
386 3546 480 3586 casum
498 3530 573 3585 dare.
823 3538 896 3593 Einl.
917 3544 990 3606 325,
1010 3556 1033 3592 c.

244 3606 268 3656 4.
296 3601 365 3657 Wer
383 3602 546 3671 primipilus
568 3617 696 3672 genesen
721 3601 766 3668 ist,
861 3628 898 3682 12
935 3634 950 3681 3
986 3628 1272 3683 Hercwkffipona,

208 3671 288 3727 heisst
311 3674 501 3744 primipilaris
532 3673 577 3758 ges.
606 3675 770 3742 consularia)
900 3665 909 3684 ⁰
954 3673 959 3684 ‘
1273 3672 1280 3683 '

207 3745 267 3798 und
295 3745 396 3816 sohar
419 3745 484 3800 dem
507 3744 701 3800 Ritterstande
725 3761 769 3868 ap.
824 3714 898 3833 mgb
912 3709 1112 3833 ww&
1127 3726 1160 3833 ἐξ
1180 3708 1240 3847 {8116
1245 3707 1386 3832 {inuelem

245 3820 269 3870 ι,
306 3818 338 3870 u
360 3817 509 3886 previum
535 3817 651 3871 rastrum
685 3816 770 3885 (Au)

208 3888 416 3943 edomuiectum.
454 3886 506 3941 Die
525 3886 669 3942 bekannte
683 3885 771 3955 „Sub-
862 3864 885 3913 9·
905 3859 937 3912 1¹¹
952 3860 1016 3913 dem
1035 3858 1101 3942 Ggl·
1117 3860 1189 3946 lael?
1204 3865 1387 3943 “imperta

205 3956 510 4028 jektsvertauschung“
529 3958 582 4012 wie
597 3964 629 4013 11
655 3964 686 4011 31
703 3959 772 4013 satia
826 3930 940 3985 ⁵l⁰⁰k⁰¹²
963 3937 980 3984 4
1004 3930 1139 4001 Bessnffev
1163 3930 1280 3984 ahnlmh
1303 3935 1332 3995 ²¹
1352 3934 1386 3982 3⁰

209 4035 314 4085 comta,
332 4046 361 4085 ,0
376 4047 479 4100 pavo„
493 4030 613 4097 (ΜΝ
624 4001 771 4084 &audium
825 4010 928 4084 atroces
951 4003 993 4056 cel
1010 4004 1136 4057 occultas.
1174 4000 1238 4071 Vgl.
1262 4001 1387 4055 Heracus

209 4098 326 4170 (01010.
346 4100 498 4170 proMare.
519 4105 544 4168 4,
561 4103 617 4170 10);
637 4099 728 4154 Germ.
745 4106 770 4168 3,
825 4091 859 4127 ²¹¹
877 4074 943 4127 hm·
965 4079 989 4141 1³
1008 4078 1051 4142 23·
1070 4079 1095 4128 4·
1205 4154 1212 4165 ,

210 4177 244 4226 15
262 4178 437 4226 moumueutu
455 4177 480 4226 et
497 4173 617 4227 tumulos
639 4171 771 4242 quosdam
862 4160 903 4208 12·
932 4154 1094 4223 “imperes
1113 4154 1167 4223 Vssl·
1183 4153 1249 4209 hlfll·
1265 4161 1291 4219 42
1307 4157 1388 4205 49141

211 4243 325 4299 &oecis
362 4243 459 4298 litteris
494 4244 641 4313 inscriptos
681 4243 771 4297 adbuc
825 4225 917 4280 eadem
936 4226 1127 4295 dimiteret*-

209 4320 313 4382 cetum
342 4312 406 4369 Hor.
437 4330 520 4369 cerm.
548 4320 579 4383 4,
598 4319 627 4382 8,
653 4319 685 4367 13
713 4331 771 4369 porr
861 4313 910 4368 13.
931 4319 953 4366 1.
978 4320 1203 4383 coepta=ortu,
1218 4331 1239 4367 s.
1255 4330 1289 4366 zu
1304 4318 1328 4378 1,
1344 4317 1387 4365 65.

209 4386 300 4441 incisa
321 4386 394 4440 uotis
417 4402 556 4440 marmore
577 4386 699 4455 publicis
717 4386 769 4439 ete.
825 4417 859 4425 -
876 4388 1010 4455 aupurole
1023 4385 1062 4439 ist
1076 4386 1138 4440 hier
1151 4385 1201 4438 des
1218 4384 1387 4449 Pretorium,

209 4454 446 4526 (Negent-Mun.
467 4454 543 4510 stila
561 4473 587 4524 p.
608 4461 660 4510 bos
676 4455 716 4525 f.).
824 4456 878 4509 wie
893 4455 965 4509 auch
981 4461 1024 4521 15,
1039 4461 1072 4508 30
1082 4457 1141 4509 und
1152 4455 1268 4520 Quintil.
1284 4459 1309 4523 8,
1325 4460 1350 4520 2,
1361 4459 1387 4507 8.
