3092 4834
532 280 642 336 LIBER
660 283 708 337 ΙΙΙ.
747 283 824 339 CAP.
844 288 958 338 36-39.
1270 285 1333 350 183

158 444 250 508 solus
279 448 311 508 et
338 443 435 508 nullis
459 445 682 527 voluptatibus
709 448 861 510 avocatus
889 449 1047 510 maestam
1069 446 1277 532 vigilantiam
1300 451 1334 513 et

162 532 263 597 malas
287 554 380 597 curas
405 537 576 598 exerceret.

251 618 327 685 Non
346 621 431 685 enim
446 620 605 704 Tiberius,
619 643 683 686 non
703 624 908 686 accusatores
924 621 1128 688 fatiscebant
1161 626 1194 687 et
1207 624 1333 689 Ancha·
1343 627 1385 691 38

157 708 227 772 rius
250 707 378 774 Priscus
397 708 545 775 Caesium
572 708 713 774 Cordum
735 732 796 793 pro
820 711 950 775 consule
969 708 1086 775 Cretae
1109 712 1333 794 postulaverat

159 797 356 881 repetundis,
375 797 485 863 addito
506 796 685 862 maiestatis
709 799 852 882 crimine,
872 799 956 882 quod
979 805 1050 863 tum
1074 801 1219 864 omnium
1243 820 1333 864 accu-

159 886 322 950 sationum
350 886 622 970 complementum
651 893 730 951 erat.
776 885 896 952 Caesar
923 887 1105 951 Antistium
1134 886 1286 952 Veterem
1315 910 1332 952 e

158 974 354 1057 primoribus
368 973 589 1056 Macedoniae,
603 975 790 1040 absolutum
808 975 968 1060 adulterii,
986 975 1153 1058 increpitis
1172 976 1331 1041 iudicibus
1369 995 1384 1041 5

153 1062 386 1128 addicendam
405 1062 584 1127 maiestatis
604 1084 736 1127 causam
759 1063 906 1144 retraxit,
929 1067 966 1128 ut
989 1064 1154 1129 turbidum
1180 1068 1213 1128 et
1231 1063 1332 1128 Rhes-

158 1151 321 1235 cuporidis
350 1151 495 1215 consiliis
523 1152 732 1234 permixtum,
761 1174 824 1236 qua
852 1156 1046 1235 tempestate
1075 1151 1175 1236 Cotye
1204 1152 1331 1234 [fratre]

157 1239 329 1304 interfecto
360 1240 482 1303 bellum
511 1239 664 1304 adversus
690 1262 751 1304 nos
775 1241 931 1304 volverat.
975 1242 1077 1325 igitur
1100 1263 1184 1325 aqua
1208 1245 1242 1304 et
1264 1241 1333 1324 igni

157 1327 365 1392 interdictum
388 1349 453 1410 reo,
472 1328 718 1412 adpositumque
741 1330 779 1392 ut
799 1333 960 1392 teneretur
977 1330 1084 1393 insula
1107 1351 1210 1413 neque
1229 1328 1333 1393 Mace-

154 1415 273 1480 doniae
301 1437 405 1500 neque
428 1416 603 1480 Thraeciae
631 1420 824 1500 opportuna.
870 1439 944 1481 nam
967 1416 1126 1481 Thraecia
1149 1417 1252 1481 divisa
1276 1419 1335 1481 im·
1354 1433 1387 1481 10

158 1505 248 1589 peric
277 1506 311 1568 in
338 1504 592 1569 Rhoemetalcen
620 1512 653 1568 et
684 1505 805 1569 liberos
833 1502 961 1588 Cotyis,
989 1506 1061 1589 quis
1090 1506 1132 1569 ob
1160 1506 1333 1581 infantiam

158 1596 249 1656 tutor
273 1598 343 1657 erat
365 1593 575 1658 Trebellenus
598 1592 712 1677 Rufus,
734 1594 911 1658 insolentia
939 1595 1045 1658 nostri
1068 1594 1189 1658 discors
1214 1595 1334 1678 agebat

159 1701 263 1763 neque
286 1681 393 1745 minus
412 1680 667 1746 Rhoemetalcen
690 1703 788 1765 quam
807 1681 1035 1746 Trebellenum
1058 1682 1209 1746 incusans
1232 1704 1333 1766 popa-

159 1768 276 1832 larium
304 1769 438 1833 iniurias
464 1770 588 1834 inultas
612 1772 726 1835 sinere.
772 1768 957 1836 Coelaletae
982 1769 1191 1854 Odrusaeque
1215 1782 1247 1833 et
1270 1770 1334 1854 Dii,

157 1857 285 1921 validae
321 1858 486 1942 nationes,
521 1880 611 1921 arma
643 1879 767 1942 cepere,
801 1859 937 1924 ducibus
970 1858 1105 1924 diversis
1138 1862 1171 1923 et
1200 1859 1387 1942 paribus1s

156 1945 243 2008 inter
261 1966 295 2008 se
314 1966 370 2027 per
390 1945 647 2031 ignobilitatem,
673 1968 754 2030 quae
773 1969 871 2012 causa
889 1948 962 2030 fuit,
984 1968 1025 2012 ne
1043 1948 1077 2013 in
1096 1947 1219 2012 bellum
1240 1952 1334 2012 atrox

155 2033 385 2099 coalescerent.
429 2055 506 2116 pars
533 2034 668 2098 turbant
694 2036 892 2120 praesentia,
916 2037 973 2100 alii
1001 2039 1143 2101 montem
1171 2035 1333 2102 Haemum

155 2121 454 2205 transgrediuntur,
486 2125 525 2186 at
556 2128 699 2186 remotos
732 2124 871 2206 populos
909 2124 1089 2208 concirent3
1125 2124 1257 2208 plurimi
1295 2147 1333 2190 ac

156 2210 297 2273 maxime
315 2210 486 2293 compositi
505 2230 615 2294 regem
637 2211 812 2294 urbemque
831 2211 1094 2296 Philippopolim,
1118 2235 1137 2276 a
1155 2212 1331 2279 Macedone

156 2297 309 2383 Philippo
334 2299 439 2380 sitam,
463 2298 702 2363 circumsidunt.
1351 2318 1386 2366 ao

869 2366 879 2380 Ο

248 2385 336 2461 Quae
369 2387 424 2451 ubi
458 2387 589 2472 cognita
622 2386 656 2451 Ρ.
689 2386 824 2451 Vellaeo
862 2384 902 2471 (is
938 2388 1122 2470 proximum
1157 2390 1331 2454 exercitum
1342 2389 1385 2454 39

157 2472 393 2562 praesidebat),
417 2476 536 2541 alarios
561 2477 684 2560 equites
709 2497 745 2540 ac
771 2476 852 2540 levis
877 2475 1059 2540 cohortium
1083 2476 1186 2540 mittit
1209 2476 1244 2540 in
1268 2498 1332 2561 eos,

191 2667 241 2722 38.
271 2674 294 2722 1.
320 2668 458 2734 fatiscere,
490 2667 541 2721 das
566 2667 629 2722 Act.
662 2666 717 2721 seit
806 2671 848 2719 12.
868 2654 945 2721 liber
966 2666 1062 2734 Rufos
1085 2685 1106 2721 s.
1131 2683 1164 2719 aa
1183 2672 1212 2735 2,
1237 2672 1279 2721 67.
1299 2699 1333 2708 -

160 2736 266 2806 Vergil,
279 2756 301 2791 a.
312 2736 342 2789 B.
353 2739 422 2792 Aen.
434 2744 457 2804 1,
470 2742 529 2793 123.
544 2769 578 2778 -
593 2744 618 2792 et
626 2736 717 2792 bildat
768 2739 860 2792 nostri
879 2738 950 2793 ‘von
969 2754 1082 2792 unserer
1101 2736 1204 2805 Seite’,
1224 2756 1245 2792 s.
1261 2737 1332 2794 llinl.

157 2808 213 2861 den
237 2796 390 2889 Chargang
423 2825 488 2862 vom
520 2807 717 2875 Aligemeinan
769 2815 793 2873 ς).
813 2814 857 2863 42.

157 2894 220 2931 aum
248 2877 416 2946 Spezrellen,
444 2877 497 2932 vie
525 2898 548 2933 a.
572 2880 602 2935 Β,
627 2885 658 2944 9,
682 2883 716 2932 50
808 2885 849 2934 13.
878 2881 1008 2934 incusare
1038 2879 1091 2932 mit
1118 2879 1181 2933 dem
1209 2878 1333 2935 Infinitiv

156 2949 325 3004 adolescebat
355 2950 458 3003 interea
487 2950 531 3004 lea
557 2951 716 3005 maiestatis.
771 2951 854 3016 (statt
871 2952 953 3019 qaod)
972 2949 1026 3005 wic
1045 2966 1175 3006 aceasare
1192 2950 1246 3004 mit
1269 2952 1333 3005 dem

154 3020 360 3090 etAppaleiam
375 3020 510 3075 Varillam
520 3051 553 3060 -
568 3022 718 3076 maiestatis
771 3022 835 3075 Ace.
856 3036 879 3075 a.
899 3019 949 3075 inf.
972 3027 1014 3090 14,
1035 3026 1075 3077 18.

156 3092 263 3146 delator
285 3092 442 3145 arcessebat.
809 3096 849 3144 14.
873 3093 997 3147 iniurias
1019 3094 1049 3146 in
1078 3093 1203 3161 passiver
1226 3092 1332 3148 Beden-

193 3167 217 3216 2.
243 3162 347 3216 Cordus
370 3161 441 3216 vird
465 3163 521 3231 (cp.
547 3163 591 3231 ⁷0)
619 3180 717 3231 wegen
770 3166 850 3228 tang.
869 3194 903 3203 -
924 3163 1074 3219 Coelaletae
1096 3169 1140 3219 cit.
1159 3164 1349 3239 Bergvbllrer¹

158 3231 333 3301 llrpressung
350 3233 505 3287 verarteilt.
525 3262 560 3274 -
574 3234 718 3303 postulare
770 3234 801 3286 in
820 3232 966 3288 Thracian.

156 3302 209 3356 mit
231 3303 378 3357 kausalem
396 3302 513 3358 Ablativ
536 3299 644 3359 istria.
665 3302 716 3372 εἰρ.
809 3310 849 3358 16.
872 3321 958 3360 caasa
976 3306 1042 3373 fait,
1065 3322 1107 3360 ae.
1145 3305 1209 3376 Vgl.
1228 3304 1287 3362 Liv.
1307 3312 1332 3373 ὁ,

158 3372 274 3426 Tacitus
301 3374 476 3427 kcnstraiert
504 3391 533 3428 es
560 3377 638 3429 const
664 3377 717 3428 mit
771 3380 806 3429 55
828 3392 861 3430 ea
881 3381 1038 3444 celeuma,
1061 3382 1093 3444 at
1110 3382 1208 3431 caera
1226 3378 1334 3432 cloacae

157 3442 221 3496 dem
241 3442 373 3512 Cenetiv,
396 3443 492 3498 Cicero
511 3444 632 3499 mitder
649 3444 715 3498 Pra-
771 3477 805 3485 -
837 3463 913 3500 arere
940 3448 1055 3515 privata
1083 3449 1189 3516 passim
1218 3448 1333 3501 sabeaat

157 3513 281 3583 position
319 3515 358 3567 rie.
409 3513 489 3569 Doch
522 3515 579 3584 vgl.
612 3514 718 3569 Sueten
772 3521 842 3571 tecta
860 3518 915 3585 (wo
935 3517 1128 3572 Weissenborn
1149 3536 1183 3570 zu
1201 3516 1309 3586 vergi).

159 3584 223 3639 Oth.
235 3589 250 3636 2
265 3585 413 3639 damnatas
428 3588 594 3653 repetendas.
618 3585 717 3653 Regel·
811 3592 852 3640 17.
866 3604 933 3654 pars
942 3589 1222 3657 tarbaatpraeseatia
1233 3587 1332 3658 (lclral)

158 3656 239 3710 recht
261 3654 308 3709 bei
327 3655 409 3723 Apul.
434 3657 500 3708 met.
520 3661 550 3722 3,
571 3663 586 3711 6
604 3673 639 3709 ree
656 3662 718 3711 tan·
774 3657 832 3711 ‘ein
856 3658 919 3711 Teil
946 3659 1020 3713 trieb
1049 3658 1109 3713 sein
1133 3660 1269 3714 Unwcsen
1297 3677 1333 3713 an

157 3726 217 3781 tillo
267 3726 375 3794 quidem
429 3743 551 3796 acquam
606 3728 719 3781 erimiae
773 3727 824 3782 Ort
842 3729 899 3782 und
918 3728 1028 3798 Stelle’,
1047 3731 1104 3798 vgl.
1125 3736 1207 3798 1,3o,
1225 3736 1267 3784 14.

152 3798 324 3866 postulabis,
353 3801 381 3864 7,
402 3803 418 3850 3
442 3799 555 3852 erimine
578 3799 719 3853 latrocinii
810 3804 852 3854 19.
892 3800 1098 3870 Philippopolis
1144 3818 1189 3854 am
1232 3802 1334 3855 oberen

153 3868 326 3936 postulabar.
772 3870 883 3925 Hebrus
911 3872 1050 3925 swischen
1080 3870 1135 3925 den
1162 3870 1334 3941 Bergketten

193 3944 217 3992 7.
241 3939 364 3994 consiliis
378 3940 546 4009 permixtas,
571 3938 719 4009 neugebil-
772 3942 879 3995 Hamus
918 3942 975 3996 und
1008 3942 1152 4011 Rhodope.
1186 3972 1219 3983 -
1251 3944 1334 3997 sitam

157 4010 221 4063 dete
245 4009 364 4075 Phrase3
389 4008 502 4064 ahnlich
526 4015 555 4080 4,
579 4017 614 4065 40
633 4012 719 4066 resellis
771 4011 932 4082 passivisch
951 4039 984 4058 ==
1007 4015 1158 4080 conditam,
1182 4013 1233 4067 wie
1253 4019 1277 4081 b,
1297 4019 1331 4066 41

156 4082 223 4204 {cipp
247 4082 363 4205 pipetiis
381 4082 540 4151 permixtos.
565 4112 598 4122 -
621 4083 717 4149 fratre.
772 4100 842 4207 qaqe
855 4085 1019 4209 qqc.9arbes)
1038 4083 1237 4139 Macedonibus
1254 4086 1332 4152 sitae,

179 4192 185 4205 .
223 4193 229 4218 ,
286 4193 292 4204 .
435 4204 438 4208 ,
773 4172 794 4209 s.
833 4197 840 4219 ‚
892 4196 898 4220 ‚
932 4199 938 4210 .

194 4225 236 4277 11.
260 4220 358 4276 Dieser
381 4221 579 4277 Rhoemetalces
607 4223 645 4277 ist
672 4223 719 4277 ein
809 4225 858 4281 39.
887 4233 911 4279 1.
949 4225 1072 4280 Vellaeses
1103 4224 1173 4280 vird
1205 4225 1254 4280 der
1286 4223 1333 4278 da·

158 4289 234 4345 Sohn
251 4293 301 4346 des
319 4290 358 4345 im
372 4293 397 4346 J.
414 4299 446 4346 19
465 4293 648 4348 verarteilten
661 4294 719 4347 und
772 4298 877 4367 malige
898 4294 1051 4364 Proprlltor
1073 4313 1129 4351 von
1152 4294 1262 4350 Mbsien
1285 4312 1333 4363 ge-

157 4361 187 4413 in
210 4363 260 4415 der
279 4361 471 4432 Verbannang
493 4382 526 4417 aa
548 4363 719 4418 Alexandria
773 4382 866 4421 wesen
884 4365 952 4424 sein.

157 4432 302 4499 getbteien
321 4432 507 4502 Rhescuporis
527 4437 563 4504 (2,
583 4441 637 4503 67).
809 4434 838 4490 9.·
851 4437 1010 4505 praesidere
1028 4436 1081 4489 mit
1099 4437 1162 4489 dem
1181 4433 1332 4487 Accusativ
