3092 4834
195 235 262 300 260
337 235 367 289 Ρ.
388 233 560 290 CORNELII
578 234 699 291 TAOITI
717 233 765 289 AB
784 233 948 290 Excusso
964 234 1042 289 DlVl
1060 232 1221 290 AUGUSTI

194 419 249 463 cos
281 418 320 461 ea
351 397 493 462 tenuisse
525 395 731 483 Capreasque
762 396 913 462 Telebois
944 396 1110 462 habitatas
1142 396 1231 463 fama
1259 398 1370 467 tradit

194 486 250 551 sed
281 490 353 550 tum
385 485 535 551 Tiberius
567 485 735 551 duodecim
767 486 920 551 villarum
952 486 1139 551 nominibus
1168 489 1201 550 et
1227 488 1368 554 molibus

139 589 172 638 15
191 573 361 653 insederat,
384 577 507 659 quanto
530 575 676 640 intentus
699 574 778 640 olim
798 575 944 660 publices
963 575 1003 639 ad
1023 595 1126 658 curas,
1148 578 1242 640 tanto
1262 576 1367 641 occul·

190 664 291 727 tiores
319 663 355 727 in
382 663 476 728 luxus
505 666 538 728 et
565 664 685 728 malum
715 663 818 728 otium
848 663 1018 728 resolutus.
1070 664 1223 729 manebat
1247 665 1369 748 quippe

191 752 413 835 suspicionum
435 754 469 817 et
488 752 636 817 credendi
654 753 833 830 temeritas,
856 773 954 835 quam
974 750 1108 816 Seianus
1128 772 1248 837 augere
1266 755 1367 819 etiam

190 840 225 905 in
256 840 336 905 urbe
368 844 478 905 suetus
511 842 617 906 acrius
648 841 803 905 turbabat
833 861 901 905 non
935 841 1002 904 iam
1032 841 1166 905 occultis
1197 841 1367 906 adversum

191 929 410 1014 Agrippinam
435 932 468 994 et
490 928 655 996 Neronem
677 929 813 995 insidiis.
859 929 931 1012 quis
955 928 1083 993 additus
1106 929 1199 994 miles
1223 930 1368 1014 nuntios,

137 1032 172 1082 2ο
190 1017 357 1100 introitus,
385 1022 498 1100 aperta
526 1021 650 1083 secreta
677 1018 767 1082 velut
794 1018 829 1082 in
858 1017 990 1082 annales
1013 1017 1190 1101 referebat,
1217 1019 1367 1102 ultroque

192 1105 415 1189 struebantur,
444 1106 499 1190 qui
527 1110 697 1172 monerent
724 1106 894 1192 perfugere
922 1106 963 1170 ad
986 1104 1178 1171 Germaniae
1206 1109 1368 1172 exercitus

191 1195 242 1259 vel
271 1194 478 1260 celeberrimo
506 1194 570 1259 fori
598 1195 739 1280 effigiem
767 1194 835 1259 divi
857 1193 999 1279 Augusti
1023 1194 1174 1277 amplecti
1197 1195 1367 1278 populum·

191 1304 253 1366 que
277 1304 314 1347 ac
343 1287 492 1348 senatum
520 1284 640 1349 auxilio
669 1305 794 1349 vocare.
841 1305 942 1366 eaque
970 1287 1079 1366 spreta
1104 1282 1248 1365 abillis,
1277 1284 1369 1348 velut

191 1374 362 1456 pararent,
385 1371 617 1437 obiciebantur.

137 1460 179 1524 68
280 1458 373 1525 Iunio
397 1457 508 1526 Silano
533 1463 565 1524 et
589 1457 668 1525 Silio
691 1458 801 1526 Nerva
824 1459 1011 1525 consulibus
1032 1460 1163 1524 foedum
1182 1460 1259 1524 anni
1278 1461 1368 1544 prin·

190 1548 310 1631 cipium
346 1549 480 1613 incessit
509 1553 614 1614 tracto
643 1548 679 1613 in
708 1570 868 1614 carcerem
900 1548 1031 1612 inlustri
1064 1549 1173 1631 equite
1207 1547 1368 1632 Romano,

189 1635 276 1701 Titio
306 1635 441 1722 Sabino,
469 1638 510 1702 ob
540 1637 716 1703 amicitiam
744 1635 942 1701 Germanici:
969 1658 1072 1720 neque
1102 1637 1187 1701 enim
1212 1636 1367 1700 omiserat

190 1724 363 1809 coniugem
390 1726 575 1809 liberosque
604 1725 673 1790 eius
696 1726 874 1809 percolere,
903 1729 1046 1790 sectator
1069 1725 1172 1806 domi,
1199 1745 1307 1789 comes
1329 1724 1365 1789 in

156 1814 337 1898 opublieo,
359 1818 436 1897 post
458 1818 510 1878 tot
533 1814 666 1879 clientes
689 1835 772 1878 unus
797 1835 898 1897 eoque
923 1814 1007 1897 apud
1032 1813 1135 1878 bonos
1159 1814 1309 1878 laudatus
1333 1818 1367 1878 et

190 1904 301 1986 gravis
324 1901 454 1986 iniquis.
495 1902 581 1967 hunc
603 1900 753 1968 Latinius
774 1902 930 1985 Latiaris,
957 1902 1090 1967 Porcius
1115 1900 1206 1980 Cato,
1229 1900 1366 1966 Petilius

191 1989 309 2074 Rufus,
336 1989 378 2056 M.
402 1990 521 2074 Opsius
544 1995 699 2075 praetura
722 1991 826 2055 functi
850 1990 1096 2076 adgrediuntur,
1118 1990 1268 2073 cupidine
1292 2011 1367 2054 con·

191 2080 325 2157 1114411,
353 2078 394 2143 ad
422 2100 518 2164 quem
541 2100 608 2144 non
630 2079 693 2143 nisi
716 2101 776 2163 per
799 2077 952 2144 Seianum
976 2078 1097 2163 aditus,
1126 2100 1230 2164 neque
1256 2076 1366 2144 Seiani

190 2167 342 2231 voluntas
365 2168 429 2231 nisi
451 2168 571 2233 scelere
595 2169 820 2251 quaerebatur.
862 2167 1078 2250 compositum
1100 2168 1187 2231 inter
1205 2170 1304 2250 ipsos,
1327 2170 1366 2232 ut

139 2270 172 2321 10
190 2253 342 2338 Latiaris,
366 2256 421 2339 qui
440 2257 567 2321 modico
588 2278 647 2321 usu
668 2253 824 2321 Sabinum
844 2256 1063 2340 contingebat,
1087 2259 1227 2319 strueret
1245 2255 1366 2334 dolum,

191 2343 289 2409 ceteri
314 2346 415 2409 testes
440 2345 603 2426 adessent,
632 2345 746 2410 deinde
770 2345 1009 2410 accusationem
1032 2344 1220 2429 inciperent.
1265 2344 1366 2427 igitur

189 2430 329 2498 Latiaris
357 2433 462 2498 iacere
486 2435 638 2499 fortuitos
662 2435 803 2518 primum
828 2455 1007 2515 sermones,
1035 2454 1110 2496 mox
1133 2432 1264 2496 laudare
1289 2453 1364 2496 con-

189 2694 749 2754 114111111.49.-111444414414441414
804 2695 1013 2776 Konsulnamen
1035 2694 1123 2749 durch
1141 2700 1166 2749 et
1184 2695 1234 2748 het
1252 2691 1366 2773 Tacitps

190 2765 750 2838 Subjelrtistea(coeli-pulcherrimum
804 2771 861 2821 eret
883 2783 914 2819 1n
937 2765 993 2819 den
1016 2763 1159 2845 Annalen..
1193 2765 1366 2845 Notwendrg

188 2838 292 2907 mum)
313 2837 750 2963 ’113166”““’“”111θ11111
803 2836 1102 2962 ll..{}lz.l²‘t.⁰lr
1124 2834 1365 2961 4144114

188 2907 287 3032 bilbili
300 2909 607 3045 lidttrefflAtrigiriidsim
624 2980 650 3033 J.
670 2984 704 3032 29
722 2994 748 3032 v.
803 2978 888 3032 fehlt:
908 2983 938 3045 5,
959 2948 980 3032 1'
992 2978 1121 3033 Rubellio
1139 2983 1164 3032 et
1185 2976 1278 3044 Fufio,
1297 2975 1366 3032 dial.

190 3047 253 3103 Ohr.
276 3048 329 3102 den
348 3048 567 3116 Neapolitanam
586 3049 748 3118 abgelrauft.
804 3053 838 3102 17
857 3049 955 3103 Hirtio
978 3055 1003 3103 et
1025 3049 1137 3118 Pansa,
1163 3048 1231 3117 Agr.
1250 3053 1286 3102 44
1305 3046 1367 3102 Gol-

226 3116 327 3172 13.1)14
335 3116 749 3192 Τ1144441(Τη11βόαι)1411111-
804 3122 864 3190 lopo
886 3119 1043 3189 Priscoqae.
1079 3119 1143 3189 Vgl.
1165 3118 1220 3173 cio.
1246 3117 1281 3172 dc
1304 3133 1363 3172 sen.
1457 3152 1462 3166 ι

189 3191 238 3244 441
260 3205 317 3243 von
341 3188 395 3242 den
412 3188 638 3245 Echinadischen
655 3189 749 3246 Inseln
804 3196 827 3256 ἕ.
839 3197 872 3245 10
887 3192 1044 3245 cerealibus
1056 3191 1197 3245 Tuditano
1209 3194 1234 3243 el
1244 3188 1364 3258 Cetbepo,

189 3259 749 3329 14144111111414411441.’4134
804 3266 828 3326 §-
849 3266 882 3315 14
906 3262 1041 3330 Caepione
1064 3267 1089 3315 et
1111 3261 1257 3329 Philippo,
1285 3264 1308 3325 ξ.
1329 3264 1365 3313 50

190 3348 267 3401 quem
308 3347 447 3401 peaerueee
489 3331 573 3387 Telon
609 3332 750 3388 Sebethide
805 3331 922 3386 Oeutone
957 3332 1155 3402 Tuditanoque.
1189 3362 1221 3370 ——
1249 3330 1364 3384 Silanus

190 3402 311 3474 nympha
333 3403 435 3471 femor,
463 3404 606 3458 Teleboum
631 3403 751 3474 Capreas
804 3419 862 3458 war
879 3403 919 3457 im
938 3403 963 3458 J.
979 3409 1012 3456 22
1030 3421 1128 3472 wegen
1143 3403 1363 3471 Erpressungen,

190 3490 251 3530 eam
269 3490 355 3544 cepae
373 3480 479 3531 terreret.
805 3472 851 3527 die
871 3490 901 3528 er
920 3474 962 3528 als
980 3472 1136 3529 Prokonsul
1155 3489 1210 3528 von
1229 3470 1299 3525 Asia
1317 3473 1365 3526 be·

228 3551 268 3600 14.
292 3546 433 3601 duodecim
456 3576 490 3585 -
513 3547 663 3614 insederat,
688 3545 750 3601 eine
804 3561 929 3614 gangen,
962 3544 1036 3598 nach
1067 3543 1192 3613 Oythnue
1224 3543 1367 3597 verbannt

190 3617 255 3670 sehr
263 3617 399 3687 gesuchte
409 3616 568 3686 Wendung,
584 3617 668 3671 deren
681 3617 750 3671 Sinn
803 3615 925 3670 worden.
968 3616 1006 3670 Er
1028 3614 1099 3669 wird
1122 3615 1162 3668 im
1183 3615 1209 3668 J.
1233 3619 1267 3667 32
1291 3612 1364 3667 ohne

190 3686 242 3742 ist:
271 3704 301 3742 er
324 3687 404 3741 hatte
428 3687 474 3741 die
492 3687 569 3741 Insel
591 3689 646 3741 mit
668 3687 753 3742 awblf
803 3684 902 3755 Erfolg
920 3701 1019 3756 wegen
1032 3683 1364 3756 Majestbtsbeleidigung

189 3758 373 3813 verechieden
387 3759 548 3812 benannten
561 3757 750 3828 grossartigen
804 3756 973 3827 angelrlagt,
997 3758 1036 3810 im
1055 3757 1081 3813 J.
1100 3762 1134 3810 42
1154 3756 1205 3809 auf
1220 3756 1364 3809 Anstiften

190 3829 285 3884 Villen
303 3828 420 3885 besetat.
805 3828 854 3882 der
875 3828 1027 3882 Messalina
1054 3826 1111 3882 und
1141 3828 1191 3882 des
1216 3825 1373 3880 Narcissus

227 3906 269 3956 17,
288 3898 365 3954 Statt
387 3900 514 3955 credendi
531 3900 667 3955 teneritas
685 3902 751 3969 sagt
804 3916 861 3954 von
880 3897 1013 3954 Claudius
1032 3916 1095 3952 zum
1112 3898 1189 3953 Tode
1207 3895 1363 3950 vernrteilt

190 3970 304 4025 Tacitus
323 3973 402 4024 sonst
420 3971 575 4025 credulitas.
805 4000 838 4010 -
857 3969 953 4025 Nereo
975 3971 1013 4024 ist
1036 3973 1115 4023 sonet
1132 3968 1212 4023 nieht
1230 3967 1364 4021 bekannt.

226 4047 270 4096 21.
283 4040 598 4096 etrueburetar‘wurden
614 4040 749 4110 angestil-
840 4044 865 4095 3.
885 4039 1019 4108 Sabinae,
1044 4043 1130 4095 sehon
1153 4039 1192 4094 im
1210 4038 1235 4093 J.
1254 4042 1289 4090 24
1312 4052 1365 4090 aus

190 4110 359 4179 tct’,·cf.11,
379 4112 750 4180 reclamationumque
805 4110 967 4165 demselben
995 4111 1106 4166 Grande
1139 4107 1366 4180 angescbnldigt,

190 4182 534 4237 micaretraeretcre'miac
543 4187 749 4238 doccaeotorea.
804 4197 863 4235 war
881 4180 990 4236 damale
1009 4182 1160 4236 verschont
1174 4181 1301 4245 worden;
1319 4194 1364 4248 cp.

228 4257 271 4306 22.
303 4251 471 4307 celeberrimo
503 4254 562 4319 fori
595 4253 658 4306 ‘auf
687 4253 751 4307 dem
807 4258 839 4307 19
857 4252 945 4308 dilato
964 4253 1001 4307 cd
1019 4259 1124 4320 temper
1142 4252 1256 4307 Sabino.

191 4320 401 4390 frequenteeten
418 4320 496 4375 Teile
515 4323 564 4377 (141
582 4321 723 4390 Forums’.
841 4330 866 4378 6.
886 4323 966 4390 Galo,
990 4323 1084 4391 Rufus
1102 4326 1159 4377 und
1180 4323 1282 4391 Opsius
1301 4320 1364 4375 sind

227 4392 276 4447 48.
303 4395 327 4445 1.
347 4388 399 4444 Die
417 4389 621 4447 Koordination
640 4391 751 4448 solcber
804 4393 1018 4449 unbedeutende
1037 4395 1184 4448 Personen.
