3092 4834
221 259 286 322 184
361 257 391 311 Ρ.
412 255 583 312 CORNELII
603 255 723 311 TACITI
741 254 790 309 AB
809 253 972 310 EXCESSU
989 254 1066 308 DlVI
1084 252 1246 310 AUGUSTI

219 421 275 505 qui
293 420 514 505 praedabundi
533 422 590 484 aut
604 417 811 483 adsumendis
830 417 959 482 auxiliis
974 417 1187 502 vagabantur,
1204 418 1275 503 ipse
1294 419 1393 484 robur

218 510 362 593 peditum
401 507 441 572 ad
474 507 702 572 exsolvendum
735 506 896 571 obsidium
929 505 1025 572 ducit.
1080 505 1240 590 simulque
1277 511 1392 573 cunata

183 615 371 683 sprospere
399 600 486 680 aeta,
509 597 610 661 eaesis
638 594 886 679 populatoribus
915 597 948 658 et
976 593 1176 659 dissensione
1205 600 1277 660 orta
1305 597 1391 682 apud

219 686 403 752 obsidentes
426 685 575 770 regisque
604 686 788 767 opportuna
816 682 985 767 eruptione
1014 686 1047 747 et
1075 682 1214 748 adventu
1245 685 1392 769 legionis.

217 796 321 858 neque
349 774 450 839 aciem
481 777 538 838 aut
564 772 725 857 proelium
753 772 815 837 dici
843 771 1000 850 decuerit,
1026 772 1061 835 in
1089 794 1153 857 quo
1179 773 1331 838 semermi
1354 794 1392 839 66

217 862 366 946 palantes
390 861 543 927 trucidati
568 865 644 925 sunt
666 862 735 925 sine
757 863 870 925 nostro
894 860 1061 943 sanguine.

164 953 208 1016 40
307 950 431 1014 Eodem
460 972 545 1015 anno
568 948 748 1013 Galliarum
777 949 924 1013 civitates
952 949 994 1013 ob
1023 949 1281 1034 magnitudinem
1308 952 1391 1015 aeris

218 1037 317 1104 alieni
349 1039 560 1104 rebellionem
597 1041 802 1121 coeptavere,
834 1037 924 1101 cuius
957 1037 1182 1102 exstimulator
1217 1040 1393 1104 acerrimus

217 1128 303 1192 inter
334 1127 491 1193 Treveros
523 1125 627 1192 Iulius
660 1125 790 1210 Florus,
822 1124 908 1209 apud
935 1124 1066 1190 Aeduos
1098 1125 1201 1190 lulius
1233 1125 1392 1191 Sacrovir.

216 1216 373 1281 nobilitas
407 1216 564 1282 ambobus
599 1219 633 1280 et
664 1214 825 1279 maiorum
856 1214 944 1278 bona
975 1213 1077 1299 facta,
1110 1236 1211 1299 eoque
1244 1214 1393 1280 Romana

183 1322 198 1370 6
218 1305 333 1370 civitas
354 1304 431 1369 olim
452 1305 538 1387 data,
557 1326 628 1369 eum
652 1303 684 1367 id
707 1325 818 1367 rarum
840 1323 898 1367 nee
921 1302 984 1366 nisi
1003 1301 1116 1367 virtuti
1134 1303 1275 1386 pretium
1298 1307 1391 1368 esset.

219 1392 243 1456 ii
267 1394 399 1457 seeretis
419 1392 607 1477 conloquiis,
624 1391 826 1456 ferocissimo
849 1411 976 1474 quoque
999 1391 1171 1474 adsumpto
1195 1395 1252 1455 aut
1275 1392 1391 1475 quibus

219 1481 261 1545 ob
286 1484 464 1563 egestatem
488 1502 525 1545 66
548 1484 669 1544 metum
694 1502 733 1544 ex
756 1478 889 1562 flagitiis
913 1479 1055 1543 maxima
1078 1479 1231 1563 peccandi
1253 1481 1392 1545 necessi-

218 1570 311 1652 tudo,
343 1572 542 1654 componunt
576 1568 693 1633 Florus
725 1567 860 1652 Belgas,
893 1565 1042 1632 Sacrovir
1077 1569 1245 1652 propiores
1278 1568 1391 1634 Gallos

220 1659 355 1722 coneim.
397 1659 498 1743 igitur
520 1679 577 1741 per
596 1657 812 1721 conciliabula
835 1660 869 1719 et
886 1659 996 1720 coetus
1017 1655 1173 1721 seditiosa
1191 1656 1394 1721 disserebant

167 1763 199 1812 10
219 1745 258 1811 de
287 1746 530 1811 continuatione
560 1745 771 1821 tributorum,
803 1745 964 1829 gravitate
996 1744 1152 1829 faenoris,
1186 1746 1321 1810 saevitia
1354 1767 1391 1810 ao

219 1835 370 1918 superbia
392 1834 658 1918 praesidentium,
687 1837 719 1897 et
742 1832 928 1897 discordare
956 1832 1095 1898 militem
1124 1833 1235 1899 audito
1259 1833 1390 1898 Germa-

217 1923 283 1987 nioi
316 1924 423 1987 exitio.
475 1923 642 2008 egregium
674 1921 887 1986 resumendae
918 1921 1064 1986 libertati
1095 1926 1236 2006 tempus,
1269 1921 1296 1987 si
1328 1923 1391 2006 ipsi

217 2011 383 2092 florentes,
418 2033 514 2095 quam
552 2012 646 2095 inops
679 2008 791 2093 Italia,
823 2031 919 2093 quam
953 2010 1082 2074 inbellis
1115 2010 1240 2075 urbana
1270 2010 1391 2094 plebes,

217 2099 300 2163 nihil
329 2099 471 2164 validum
501 2098 533 2162 in
563 2098 757 2163 exercitibus
784 2098 849 2162 nisi
876 2098 962 2181 quod
990 2102 1171 2182 externum,
1199 2099 1389 2185 cogitarent.

161 2192 203 2254 41
305 2186 401 2253 Haud
424 2188 526 2252 ferme
546 2186 613 2251 ulla
631 2188 746 2252 civitas
764 2186 889 2252 intacta
907 2187 1082 2251 seminibus
1101 2188 1169 2251 eius
1188 2192 1296 2253 motus
1314 2187 1393 2271 fuit;

216 2276 273 2340 sed
306 2297 438 2359 erupere
466 2275 563 2360 primi
592 2276 754 2341 Andecavi
788 2297 826 2341 66
853 2274 985 2340 Turoni.
1035 2297 1172 2360 quorum
1200 2276 1391 2341 Andecavos

215 2433 267 2486 hat
280 2431 346 2487 Tac.
366 2434 423 2487 erst
440 2431 470 2486 in
489 2433 542 2486 den
557 2431 685 2486 Annales
703 2432 776 2485 nach
831 2432 913 2485 domo
933 2438 981 2499 36,
1002 2436 1048 2499 31,
1072 2432 1207 2502 egregium
1224 2434 1245 2500 f.
1269 2433 1305 2486 ad
1324 2433 1389 2486 fam.

215 2502 282 2560 Sall.
310 2504 410 2572 fragm.
438 2510 467 2572 2,
496 2508 544 2569 34ς
572 2510 601 2571 3,
631 2508 664 2557 ’16
688 2502 776 2556 Kritz.
832 2507 874 2569 10,
886 2508 927 2569 16,
942 2509 957 2556 2
972 2506 1002 2571 (s.
1014 2501 1307 2571 SehmalaAntib.lp.
1319 2507 1390 2570 622).

215 2573 301 2629 Sonat
318 2577 389 2629 setzt
409 2591 439 2629 er
457 2575 529 2629 auch
553 2573 608 2629 den
627 2572 721 2628 Datis.
741 2603 775 2613 -
866 2578 890 2627 6.
910 2575 1015 2628 acilas.
1050 2574 1111 2628 Von
1125 2573 1217 2627 Julius
1231 2573 1317 2627 06661
1331 2573 1389 2626 und

216 2647 281 2700 lecte
299 2648 449 2701 eutonium
468 2671 501 2691 =
521 2646 586 2700 levis
606 2644 634 2713 (i.
650 2661 674 2699 e.
689 2645 776 2700 socie·
829 2643 973 2714 Augustus
997 2645 1098 2698 hatten
1120 2643 1193 2698 viele
1212 2642 1319 2698 Gallier
1337 2643 1389 2698 das

214 2718 262 2786 les)
278 2718 403 2773 cobortes.
437 2716 501 2786 Vgl.
516 2722 541 2783 3,
557 2722 590 2770 61
604 2716 777 2785 supplicibus
830 2714 1018 2784 Burgerrecht
1042 2716 1177 2770 erhallen.
1217 2714 1313 2768 Daher
1330 2714 1391 2770 ,der

213 2787 393 2853 Amazonam,
410 2793 435 2852 4,
449 2793 484 2840 24
499 2788 594 2842 delecti
608 2787 776 2842 Maurorum
829 2785 1007 2840 Gentilname
1029 2785 1134 2855 Julius,
1163 2786 1212 2839 der
1233 2786 1280 2841 bei
1302 2784 1389 2840 ihnen

214 2877 241 2912 u.
260 2874 285 2912 6.
317 2856 416 2912 Dieser
435 2856 562 2924 Genetiv,
581 2857 611 2910 in
625 2858 674 2911 der
687 2857 775 2911 Prosa
828 2855 908 2911 nicht
926 2855 1016 2911 selten
1035 2874 1100 2912 war.

214 2927 270 2981 seit
287 2927 384 2981 Livius
407 2927 516 2994 6611611,
539 2945 594 2982 von
617 2928 683 2982 Tac.
708 2926 773 2996 (wie
864 2932 889 2981 8.
922 2944 1079 2997 componere
1111 2927 1297 2993 ‘abmaohem
1329 2943 1389 2981 ver-

214 2999 278 3051 dem
315 2998 423 3052 6116166
458 2996 576 3068 Plinius)
613 2998 774 3066 bevorzugt,
828 2997 977 3066 abraden’,
996 3001 1083 3055 sehon
1101 2998 1147 3053 bei
1167 2998 1222 3051 den
1236 2995 1390 3052 Komilrern

214 3066 291 3122 steht
321 3067 368 3122 bei
391 3069 492 3136 paeri,
521 3069 648 3136 quidem,
679 3070 773 3136 malti,
827 3068 885 3122 und
901 3068 956 3124 Cio.
970 3068 1048 3125 Verr.
1068 3075 1093 3136 2,
1113 3075 1146 3123 22
1166 3070 1208 3123 ita
1221 3085 1307 3123 eausa
1321 3084 1390 3123 eom·

209 3138 341 3207 plurimi,
355 3139 489 3208 plerique,
507 3139 573 3205 alli,
590 3141 679 3204 celeri,
698 3140 774 3193 belm
824 3141 954 3209 ponitur,
974 3147 1003 3208 3,
1024 3147 1057 3194 61
1082 3142 1185 3195 crimea
1202 3155 1259 3194 666
1282 3140 1316 3194 eb
1335 3139 1390 3193 lni-

213 3208 366 3276 Zahlwort,
384 3208 568 3277 Komparativ
586 3210 653 3264 oder
672 3209 774 3279 Super·
827 3212 1098 3281 miciacompesr'lum.
1113 3208 1390 3265 EbensobeiSallnst

212 3278 294 3344 lativ,
308 3278 340 3348 ja
355 3296 437 3348 sogar
455 3279 603 3349 unlogisoh
617 3279 665 3335 bei
682 3282 776 3336 caroli
829 3282 886 3335 und
904 3280 1007 3348 Livius,
1027 3284 1095 3337 aber
1113 3299 1135 3336 c.
1154 3281 1231 3335 infin.
1249 3298 1302 3334 nur
1321 3280 1390 3335 hier.

214 3353 267 3420 (cp.
287 3356 331 3417 36,
350 3353 391 3418 2),
411 3370 431 3407 s.
447 3349 773 3421 Nipperdey-Andresen.
867 3350 1389 3422 1166661666616666666666166166

248 3428 274 3476 4.
297 3423 432 3477 obsidium
456 3424 525 3476 statt
548 3424 666 3490 obsidio,
695 3439 716 3478 s.
740 3443 774 3477 zu
827 3419 1388 3492 Partizip,nurhisrundimSpellatein

212 3511 254 3563 op.
275 3499 317 3547 21.
827 3492 893 3563 Vgl.
920 3494 994 3550 Einl.
1018 3500 1041 3560 §.
1061 3500 1091 3561 6,
1115 3512 1140 3548 6.
1169 3523 1204 3533 -
1231 3493 1389 3548 discordare

249 3569 274 3619 7.
292 3564 357 3619 dici.
385 3564 447 3618 Den
461 3563 586 3619 Infinitiv
601 3564 772 3620 desPassivs
828 3566 891 3632 (wie
914 3566 1017 3621 6166666
1041 3571 1064 3632 1,
1084 3568 1129 3631 38)
1156 3563 1322 3620 bezeichnet
1344 3563 1389 3617 die

213 3633 259 3688 bei
286 3636 359 3689 decet
387 3635 543 3703 gebrauoht
566 3635 653 3690 sehon
676 3636 772 3692 Cicero
825 3633 958 3704 Neignng
973 3654 1020 3689 aur
1034 3635 1205 3704 Empllrung.
1239 3633 1302 3703 Vgl.
1317 3632 1388 3687 Plin.

212 3705 247 3759 de
261 3706 315 3774 leg.
331 3711 356 3773 2,
371 3711 396 3770 3,
412 3711 440 3770 83
456 3712 481 3773 2,
497 3711 521 3774 7,
539 3713 581 3774 16,
591 3707 659 3761 aber
674 3708 773 3762 selten.
829 3705 891 3760 nh.
902 3712 936 3761 26
947 3712 1010 3771 §.72
1020 3707 1149 3761 iumentis
1158 3706 1387 3761 discordantibus.

211 3806 246 3815 -
265 3761 340 3829 liber
358 3775 413 3829 den
432 3775 580 3832 Gebrauoh
602 3795 656 3832 von
679 3794 774 3832 semer-
867 3782 908 3832 14.
932 3783 1080 3833 extersum.
1126 3777 1185 3830 Aua
1213 3774 1390 3829 Ausltndern

211 3863 271 3901 mes
290 3865 310 3901 s.
330 3863 363 3899 zu
384 3853 407 3915 1,
427 3852 470 3902 68.
828 3847 949 3903 bestand
977 3850 1062 3903 sehon
1091 3848 1212 3913 damals,
1240 3846 1293 3899 mit
1319 3846 1389 3899 Aus-

248 3914 296 3971 40.
317 3921 341 3969 2.
371 3916 423 3970 1116
446 3934 517 3972 neue
537 3919 620 3972 Form
644 3919 774 3974 eastimet·
827 3917 929 3973 nahme
948 3920 999 3974 der
1017 3921 1149 3988 Truppen
1167 3918 1198 3972 in
1217 3918 1266 3971 der
1279 3916 1388 3984 Haupt·

211 3986 283 4040 letor
302 3985 374 4040 auch
392 3987 458 4042 hist.
479 3994 504 4055 2,
526 3993 567 4042 11.
828 3990 913 4059 stadt,
932 3990 982 4044 der
995 3989 1119 4060 grossere
1132 3988 1194 4043 Teil
1211 3988 1260 4043 des
1274 3987 1387 4042 Heeres.

246 4056 773 4124 1666666616*666166116661161-
827 4059 924 4116 Dieser
947 4061 1084 4116 Umstand
1113 4077 1172 4115 war
1197 4060 1261 4113 dem
1284 4056 1388 4113 Reiche

210 4124 324 4178 halten’
356 4126 395 4179 im
424 4128 509 4182 Sinna
540 4130 590 4183 der
615 4129 773 4184 romischen
827 4131 1012 4189 verderblioh.

210 4191 316 4246 Pertei.
336 4195 444 4264 benum,
458 4201 570 4267 melem,
579 4217 700 4270 praem
713 4202 771 4266 fae·
863 4201 912 4257 41.
933 4208 956 4258 1.
976 4205 1053 4258 baud
1070 4202 1153 4269 ferrrw
1173 4201 1264 4255 ‘nieht
1277 4199 1388 4266 leicht’,

209 4268 268 4316 lum
296 4280 349 4315 nur
376 4282 438 4319 vor·
464 4270 521 4323 und
548 4270 771 4340 nachlrlassisoh,
825 4271 1269 4339 medemu‘niehtreeht’aaeu
1278 4286 1388 4341 mayne-

210 4333 339 4412 dagegen
361 4335 438 4397 fecta
462 4339 586 4394 illustria
609 4348 635 4397 et
651 4343 772 4412 pluriora
822 4360 888 4411 pere
908 4343 1001 4399 ‘nicht
1019 4342 1200 4399 sonderlioh'.

210 4401 266 4455 010·
284 4402 318 4454 de
333 4402 379 4455 fin·
395 4411 418 4473 1,
435 4411 477 4473 11,
490 4413 532 4476 37,
547 4413 569 4475 f.
583 4413 724 4467 laudabile
737 4413 771 4466 de
862 4419 886 4469 2.
910 4416 1066 4481 Andecavi,
1095 4413 1190 4467 irdher
1218 4411 1312 4466 Andes
1340 4428 1387 4481 ge·
