3092 4834
204 292 248 357 64
356 294 386 348 P.
406 292 577 350 CORNELII
595 293 715 349 Tuom
730 295 783 350 AB
801 293 1058 349 EXGESSUDIVI
1076 293 1236 350 AUGUSTI

202 457 304 541 pienti
318 459 491 523 excessisse
504 456 690 544 Augustum
708 457 861 522 adfertur.
884 462 1014 542 neptem
1032 459 1101 522 eius
1114 456 1330 544 Agrippinam
1348 457 1382 519 in

203 547 408 611 matrimonio
431 546 604 632 pluresque
628 569 667 611 ex
690 569 727 611 ea
749 545 869 611 liberos
887 545 1035 630 habebat,
1058 548 1128 632 ipse
1148 547 1263 629 Druso,
1282 546 1382 610 fratre

202 633 334 721 Tiberii,
352 636 490 721 genitus,
507 635 676 722 Augustae
693 657 804 720 nepos,
823 640 872 700 set
890 635 1004 700 anxius
1020 635 1154 700 occultis
1169 636 1203 699 in
1218 657 1252 701 se
1273 636 1381 720 patrui

175 724 356 808 sauciaeque
378 725 475 811 odiis,
503 747 641 810 quorum
665 745 777 790 causac
801 724 954 808 acriores,
979 724 1054 808 quia
1077 725 1215 808 iniquae.
1261 725 1381 809 quippe

201 811 301 879 Drusi
323 837 440 900 magna
458 815 544 899 apud
561 813 719 900 populum
737 813 920 878 Romanum
938 814 1100 893 memoria,
1118 810 1383 897 credebaturque,

200 903 228 966 si
251 925 359 968 rerum
376 904 500 987 potitus
519 903 612 989 foret,
635 902 819 968 libertatem
837 902 1035 986 redditurum
1058 903 1143 967 unde
1161 904 1196 967 in
1216 902 1380 968 Germani·

201 1012 275 1056 cum
301 991 393 1056 favor
419 996 451 1057 et
479 1014 551 1077 spes
580 992 697 1058 eadem.
743 1013 819 1057 nem
841 994 950 1057 iuueni
974 992 1067 1056 civile
1090 993 1272 1078 ingenium,
1299 993 1381 1058 mira

202 1081 336 1146 comitas
364 1085 397 1146 et
424 1083 548 1147 diuersa
575 1104 595 1146 a
621 1081 744 1146 Tiberii
779 1102 925 1146 sermone
953 1080 1060 1165 vultu,
1087 1081 1320 1165 adrogantibus
1349 1086 1381 1145 et

162 1197 188 1237 rc
202 1169 356 1234 obscuris.
393 1172 587 1235 accedebant
610 1170 782 1237 muliebres
807 1172 1000 1235 offensiones
1023 1170 1247 1235 novercalibus
1270 1169 1381 1233 Liviae

201 1260 236 1323 in
254 1257 468 1344 Agrippinam
487 1261 636 1344 stimulis,
659 1266 755 1344 etque
773 1262 844 1344 ipsc
862 1257 1046 1345 Agrippina
1065 1258 1161 1342 peulo
1181 1259 1381 1340 commotior,

201 1347 264 1412 nisi
292 1349 380 1434 quod
395 1351 553 1423 -caatitcte
581 1353 613 1414 et
641 1350 749 1415 mariti
779 1369 886 1414 amore
915 1347 1060 1431 quemvis
1093 1345 1287 1410 indomitum
1314 1345 1381 1409 ani·

202 1461 291 1503 mum
314 1438 349 1501 in
371 1438 492 1504 bonum
515 1439 668 1504 vertebat.

157 1527 201 1592 34
291 1526 355 1592 Sed
373 1526 580 1593 Germanicus
599 1531 721 1613 quanto
741 1546 882 1590 summae
901 1526 970 1607 spei
988 1524 1130 1607 propior,
1149 1526 1240 1587 tanto
1259 1524 1380 1605 impen-

202 1616 268 1680 sius
291 1638 350 1699 pro
373 1616 503 1681 Tiberio
526 1618 597 1680 niti.
625 1636 722 1698 seque
745 1617 778 1678 et
801 1613 966 1698 proximos
990 1617 1022 1677 et
1040 1610 1214 1697 Belgarum
1233 1612 1380 1676 civitates

201 1706 236 1768 in
257 1705 354 1769 verba
378 1708 446 1770 eius
470 1705 580 1790 adigit.
627 1703 742 1768 dehinc
769 1702 881 1766 audito
904 1701 1071 1787 legionum
1094 1700 1239 1766 tumultu
1261 1701 1381 1786 raptim

91 1817 95 1825 ’
202 1796 365 1877 profectus
389 1794 500 1858 obvias
523 1798 614 1857 extra
638 1797 741 1857 cestra
764 1790 892 1873 habuit,
920 1791 1051 1855 deiectis
1079 1791 1114 1854 in
1136 1794 1255 1855 terram
1279 1789 1380 1856 oculis

175 1881 290 1950 cvclut
330 1883 536 1966 paenitentia.
585 1887 758 1966 postquam
800 1879 921 1945 vallum
957 1880 1045 1959 iniit,
1087 1880 1210 1944 dissoni
1247 1883 1380 1964 questus

201 1970 306 2034 audiri
333 1992 474 2055 coepere.
520 1975 552 2035 et
575 1971 707 2055 quidam
729 1992 846 2054 prensa
868 1991 967 2044 rnenu
989 1970 1058 2033 eius
1084 1991 1143 2053 per
1166 1969 1307 2052 speciem
1330 1991 1381 2033 ex—

201 2058 366 2124 osculandi
385 2059 587 2124 inseruerunt
607 2060 735 2145 digitos,
753 2063 791 2123 ut
809 2079 910 2123 vacua
928 2059 1079 2123 dentibus
1094 2079 1150 2122 ora
1164 2059 1381 2142 contingeret3

201 2147 257 2212 alii
281 2153 413 2213 curvata
436 2151 525 2214 eenio
548 2149 690 2215 membra
704 2146 930 2214 ostendebant.
959 2148 1169 2213 adsistentem
1189 2149 1382 2229 contionem,

202 2237 278 2321 quia
309 2239 467 2322 permixta
497 2239 679 2323 videbatur,
716 2237 877 2303 discedere
909 2237 943 2300 in
976 2236 1158 2320 manipulos
1190 2237 1294 2300 iubet:
1336 2236 1382 2301 sic

160 2354 188 2394 ιιι
201 2326 317 2390 melius
349 2328 516 2392 audituros
548 2349 751 2412 responsum3
783 2325 903 2391 vexilla
934 2326 1101 2410 praeferri,
1133 2329 1170 2390 ut
1203 2324 1237 2389 id
1266 2324 1381 2390 saltem

201 2416 394 2482 discerneret
418 2416 579 2483 cohortes:
603 2417 693 2482 tarde
717 2417 987 2499 obtemperavere.
1032 2419 1111 2480 tunc
1133 2436 1152 2477 a
1175 2415 1380 2478 veneratione

201 2503 342 2590 Augusti
370 2528 462 2572 orsus
489 2507 581 2571 flexit
608 2507 648 2570 ad
674 2507 827 2589 victorius
855 2503 1101 2587 triumphosque
1129 2502 1264 2584 Tiberii,
1291 2523 1381 2586 prae-

201 2596 306 2677 cipuis
323 2595 472 2660 leudibus
490 2595 654 2661 celebrans
674 2617 755 2680 quae
774 2592 861 2678 apud
885 2591 1071 2657 Germanias
1094 2590 1159 2655 illis
1183 2612 1256 2654 cum
1279 2589 1379 2674 legio-
1417 2645 1420 2649 ,

201 2684 296 2750 nibus
319 2684 535 2768 pulcherrima
557 2684 694 2749 fecisset.
740 2681 854 2747 Italiae
876 2681 951 2746 inde
975 2702 1178 2762 consensum,
1203 2677 1381 2743 Galliarum

239 2918 263 2966 2.
283 2919 394 2982 neptem,
414 2911 456 2964 cls
471 2912 592 2966 Tochter
610 2913 660 2966 der
677 2911 762 2965 Julia.
819 2911 854 2965 lie
872 2911 1022 2975 concitare,
1041 2909 1127 2964 alicui
1143 2909 1269 2963 stimulos
1287 2909 1382 2962 adme>

239 2988 263 3036 3.
279 2984 375 3051 plures
393 2983 446 3037 wie
465 2984 763 3050 c.32,1.-bberoer
817 2999 885 3036 vere.
904 3012 941 3020 -
958 2981 1115 3036 commotior
1128 2974 1250 3047 =qudd
1267 2995 1380 3033 courmo-

202 3053 286 3118 Nero,
306 3051 444 3123 Caligula,
463 3054 570 3108 Drusus
589 3053 648 3107 und
662 3053 764 3123 Agrip·
818 3055 873 3108 ts'or
909 3050 1112 3121 ('1'ibertrieben
1142 3050 1275 3120 reinbar')
1312 3056 1380 3104 erat.

202 3125 279 3194 pins,
299 3124 345 3177 die
363 3124 536 3193 Mutterdes
553 3125 666 3180 Kaisers
680 3125 762 3179 Nero.
819 3122 882 3191 Vgl.
902 3140 925 3178 c.
946 3129 988 3191 19,
1011 3128 1025 3176 1
1045 3123 1104 3176 und
1123 3140 1158 3175 zu
1178 3127 1202 3188 3,
1223 3127 1247 3177 9.

239 3203 264 3250 4.
302 3196 456 3267 Aequom,
489 3196 569 3249 Livia
592 3196 634 3251 als
659 3196 765 3249 Mutter
854 3192 904 3250 34.
924 3200 947 3247 2.
967 3210 1046 3263 seque
1063 3200 1089 3249 et
1102 3210 1157 3262 pr„
1176 3210 1197 3246 s.
1216 3210 1252 3245 au
1270 3209 1294 3245 c.
1313 3198 1338 3256 4,
1354 3197 1379 3246 3.

204 3268 253 3320 des
272 3266 386 3320 Drusus.
402 3299 435 3307 -
446 3270 554 3337 patrui,
573 3267 702 3322 Tiberius
722 3266 764 3320 als
819 3266 1006 3336 Se...adipit
1024 3264 1222 3333 (verpflichtet)
1241 3262 1294 3316 wie
1312 3263 1381 3316 hist.

203 3338 312 3392 Bruder
330 3338 379 3392 des
398 3338 512 3393 Drusus.
818 3344 845 3404 4,
859 3342 901 3390 61.
923 3341 964 3390 70.

239 3415 265 3464 5.
293 3411 410 3465 acriores
429 3413 491 3476 ete,
511 3410 565 3480 rgl.
585 3410 648 3464 Seu.
668 3410 704 3464 de
721 3410 765 3463 ira
855 3415 879 3461 6.
909 3395 985 3460 liber
1012 3408 1108 3461 audiri
1130 3423 1237 3478 coepere
1262 3423 1282 3461 s.
1307 3405 1382 3460 Einl.

204 3487 229 3548 3,
244 3486 318 3549 29,2
338 3483 537 3551 pertinaciores
554 3498 604 3536 noe
621 3483 693 3549 facit
709 3482 765 3535 ini-
820 3478 936 3546 §14‚b.
1323 3497 1325 3500 ’

203 3554 296 3621 quites
314 3555 380 3608 irae.
400 3553 465 3607 Tac.
481 3555 547 3623 Agr.
563 3559 597 3607 42
617 3554 765 3624 proprium
855 3556 879 3605 9.
897 3551 938 3605 aio
956 3567 993 3604 sc.
1009 3552 1168 3619 pemictos.

204 3624 347 3679 retudisse
366 3642 444 3694 quem
463 3627 579 3680 laeseris.
856 3627 898 3676 10.
927 3638 1086 3692 responsum
1104 3638 1142 3675 sc.
1162 3628 1208 3675 eet.
1228 3652 1262 3660 -
1280 3620 1382 3674 uexilla

241 3702 264 3750 7.
303 3697 452 3751 libertatem
481 3697 592 3751 reddere
625 3694 682 3749 ‘die
710 3696 765 3749 ne-
816 3695 957 3763 prceferri
974 3710 1011 3746 sc.
1032 3693 1114 3760 iubet,
1138 3710 1160 3746 s.
1180 3709 1203 3745 c.
1224 3697 1266 3759 18,
1281 3697 1305 3746 6,
1330 3689 1382 3743 Die

203 3766 304 3837 publik
324 3767 598 3822 wiederberstellen'.
636 3768 687 3821 Bei
704 3768 764 3821 red-
820 3765 1007 3834 Satzbildung
1049 3763 1088 3818 ist
1133 3760 1381 3817 charakteristisch

203 3840 315 3893 diturus
351 3839 389 3892 ist
424 3841 510 3907 [uisse
547 3857 580 3891 zu
617 3842 763 3908 ergl'anzen.
819 3853 918 3906 wegen
937 3837 986 3891 der
1003 3835 1150 3888 Parataxe.

203 3909 277 3962 Einl.
294 3916 309 3975 ς
324 3915 366 3977 20,
384 3928 407 3965 c.
856 3914 897 3961 11.
926 3908 1134 3962 crematione
1156 3906 1221 3959 ‘von
1240 3904 1303 3958 dem
1322 3903 1382 3958 Lob

242 3985 282 4033 10.
309 3983 438 4036 obscenus
459 3982 531 4035 wird
554 3982 584 4034 in
604 3981 696 4034 dieser
713 3980 765 4033 Be·
819 3979 878 4032 und
897 3978 996 4044 Preis'‚
1019 3977 1130 4030 obwohl
1153 3979 1291 4032 coenatio
1310 3974 1381 4028 auch

205 4052 332 4120 deutung
350 4069 402 4105 von
422 4053 477 4107 Cic.
497 4053 532 4107 de
553 4051 599 4106 off.
619 4058 644 4119 3,
660 4057 693 4105 13
712 4051 766 4105 mit
819 4049 975 4119 passivisch
992 4048 1222 4119 gefasst‘werden
1240 4047 1325 4101 kann.

204 4129 321 4188 cuatus,
338 4124 440 4188 fallax,
458 4126 613 4179 remitteres
631 4140 657 4176 u.
674 4140 698 4175 e.
718 4141 765 4175 zu·
835 4128 898 4204 012.
918 4121 975 4173 Das
989 4118 1169 4203 intransitive
1181 4121 1288 4200 flectere·
1295 4117 1383 4170 findet

204 4194 764 4332 illletctsstlt..rettudit
819 4192 956 4317 librat
973 4190 1382 4316 littlbttu'dtltluu

204 4335 269 4389 weil
284 4334 361 4389 diese
374 4335 404 4388 in
419 4336 469 4391 der
478 4336 670 4406 Verbunnung
679 4336 764 4392 lebte.
820 4333 989 4388 Oberbefehl
1013 4333 1139 4404 geffihrt:
1168 4337 1237 4385 9-8
1261 4349 1285 4383 v.
1311 4328 1382 4394 Chr„

242 4413 283 4461 11.
309 4409 434 4462 stimolis.
461 4407 570 4477 Wegen
588 4408 638 4462 des
656 4408 765 4477 'Propus
821 4411 889 4460 1-5
909 4406 968 4458 und
986 4411 1072 4459 9-11
1088 4422 1115 4458 n.
1130 4403 1192 4458 Chr.

204 4478 260 4548 vgl.
278 4476 385 4533 Cicero:
406 4481 530 4534 acimum
548 4481 651 4549 pieriae
669 4481 765 4534 stimu-
858 4483 898 4531 13.
918 4464 995 4531 iiber
1014 4477 1091 4545 apud
1110 4493 1131 4528 s.
1146 4474 1219 4527 Einl.
1236 4482 1252 4540 5
1267 4478 1309 4528 50.
