3092 4834
216 208 279 272 164
359 208 390 263 Ρ.
411 208 581 264 CORNELII
598 206 717 261 TAOITI
734 207 783 262 AB
801 206 963 262 Excusso
982 205 1234 292 DIVI-AUGUSTI

179 372 325 437 aninum
362 370 567 452 Marcellum,
599 369 669 435 Sex.
701 369 890 454 Pompeium
927 374 1083 455 patronos
1119 369 1242 453 petenti
1277 369 1381 455 iisque

214 461 340 526 diversa
360 461 590 525 excusantibus
609 458 660 524 Μ’.
679 458 820 543 Lepidus
840 463 872 523 et
891 458 925 523 L.
943 458 1020 523 Piso
1045 462 1077 522 et
1094 458 1257 522 Livineius
1277 456 1382 544 Regu·

214 551 264 614 lus
288 549 426 631 adfuere,
450 548 580 613 adrecta
603 548 692 613 omni
711 548 852 632 civitate,
871 551 992 631 quanta
1013 547 1093 611 fides
1117 547 1230 611 amicis
1250 544 1381 612 Germa-

213 638 286 721 nici,
305 659 387 722 quae
405 637 522 703 fiducia
544 659 614 723 reo;
638 638 722 702 satin
742 637 909 701 cohiberet
932 657 969 701 ac
988 639 1149 719 premeret
1168 657 1281 699 sensus
1305 658 1380 701 suos

214 727 370 791 Tiberius.
412 727 498 790 haud
523 726 604 790 alias
628 726 785 790 intentior
802 725 941 809 populus
964 726 1037 809 plus
1060 724 1123 788 sibi
1145 724 1181 787 in
1203 724 1382 808 principem

163 834 196 881 ro
216 816 360 881 occultae
386 815 475 880 vocis
499 817 556 878 aut
578 815 734 898 supicacis
759 814 879 878 silentii
901 813 1057 898 permisit.

164 908 205 972 12
305 904 366 969 Die
395 908 527 969 senatus
552 901 671 968 Caesar
698 903 877 968 orationem
905 902 1019 966 habuit
1046 902 1202 966 meditato
1225 904 1382 986 tempera·

214 995 334 1058 mento.
387 993 490 1076 patris
525 993 574 1057 sui
607 993 751 1077 legatum
790 995 886 1076 atque
924 993 1062 1056 amicum
1094 991 1245 1055 Pisonem
1281 991 1382 1055 fuisse

215 1082 457 1166 adiutoremque
488 1080 679 1145 Germanico
711 1081 823 1145 datum
855 1103 875 1144 a
907 1102 941 1145 se
975 1083 1105 1145 auctore
1139 1083 1253 1143 senatu
1285 1079 1382 1145 rebus

216 1172 300 1256 apud
329 1171 486 1235 orientem
510 1169 780 1234 administrandis.
826 1169 894 1233 illic
918 1170 1120 1233 contumacia
1144 1172 1176 1232 et
1199 1169 1383 1232 certamini·

179 1260 274 1326 ebus
294 1263 476 1342 asperasset
494 1259 642 1323 iuvenem
661 1259 813 1343 exituque
832 1259 901 1322 eius
924 1259 1064 1322 laetatus
1089 1262 1174 1322 esset
1198 1279 1239 1321 an
1264 1258 1382 1321 scelere

215 1350 418 1431 extinxisset,
451 1348 586 1433 integris
620 1346 735 1411 animis
769 1346 1017 1413 diiudicandum.
1067 1345 1160 1410 ‘nam
1193 1345 1221 1409 si
1253 1345 1382 1430 legatus

215 1439 314 1503 officii
341 1437 515 1520 terminos,
538 1435 728 1521 obsequium
756 1456 834 1520 erga
860 1436 1087 1519 imperatorem
1112 1434 1200 1499 exuit
1224 1433 1384 1499 eiusdem-

118 1535 121 1542 ‘
215 1549 276 1611 que
294 1530 399 1591 morte
418 1530 452 1589 et
469 1526 557 1590 luctu
577 1546 649 1590 meo
663 1525 804 1589 laetatus
823 1528 881 1602 est,
901 1523 996 1588 odero
1012 1544 1233 1606 seponamque
1250 1545 1269 1586 a
1287 1524 1383 1587 domo

215 1638 288 1680 mea
311 1619 343 1679 et
363 1615 507 1698 privatas
525 1613 724 1695 inimicitias,
748 1634 814 1677 non
833 1612 988 1696 principis
1011 1612 1161 1677 ulciscar:
1185 1613 1235 1676 sin
1257 1611 1383 1676 facinus

163 1724 196 1772 10
215 1707 247 1769 in
281 1705 507 1787 cuiuscumque
540 1701 725 1767 mortalium
758 1722 836 1765 nece
864 1702 1090 1766 vindicandum
1118 1699 1295 1784 detegitur,
1324 1721 1383 1764 vos

214 1815 290 1857 vero
321 1797 354 1857 et
381 1792 499 1856 liberos
523 1790 706 1854 Germanici
736 1794 766 1855 et
794 1811 855 1854 nos
883 1793 1032 1875 parentes
1061 1789 1153 1853 iustis
1178 1789 1306 1854 solaciis
1331 1788 1383 1852 ad-

215 1882 309 1947 ficite.
359 1880 517 1963 simulque
550 1878 631 1942 illud
662 1881 823 1962 reputate,
856 1878 984 1944 turbide
1017 1883 1049 1942 et
1082 1878 1232 1942 seditiose
1264 1880 1383 1942 tracta·

215 1971 299 2034 verit
331 1969 488 2033 exercitus
521 1966 611 2051 Piso,
648 1967 795 2052 quaesita
833 1967 898 2032 sint
934 1989 992 2051 per
1028 1967 1240 2031 ambitionem
1277 1965 1384 2030 studia

217 2058 372 2141 militum,
405 2057 503 2121 armis
536 2056 673 2140 repet‘ta
704 2055 885 2140 provincia,
913 2078 954 2120 an
986 2056 1070 2120 falsa
1102 2056 1182 2119 haec
1212 2055 1247 2118 in
1279 2054 1383 2119 maius

164 2165 197 2213 15
218 2146 424 2231 vulgaverint
451 2151 669 2227 accusatores,
692 2167 828 2229 quorum
858 2166 919 2230 ego
947 2144 1055 2209 nimiis
1084 2143 1198 2208 studiis
1223 2144 1293 2208 iure
1316 2166 1386 2208 sus·

217 2256 341 2301 censeo.
390 2256 465 2298 nam
494 2256 557 2317 quo
586 2234 742 2317 pertinuit
769 2234 891 2298 nudare
919 2255 1034 2317 corpus
1063 2237 1095 2297 et
1122 2233 1385 2297 contrectandum

216 2324 308 2409 vulgi
327 2323 426 2389 oculis
446 2323 632 2406 permittere
652 2323 835 2407 differrique
854 2324 951 2389 etiam
974 2343 1031 2405 per
1049 2324 1196 2385 externos
1220 2324 1385 2404 tamquam

216 2465 313 2531 ninere,
339 2461 430 2516 Eukel
457 2462 505 2516 des
535 2461 647 2515 Asinius
673 2461 774 2529 Pollio,
865 2461 913 2516 la.
937 2466 962 2514 3.
986 2460 1065 2515 rebne
1082 2460 1318 2515 administrandis.
1358 2459 1384 2513 S.

216 2534 307 2600 reich,
326 2533 507 2588 talentvoller
525 2531 644 2586 Redner.
828 2533 901 2588 Einl.
921 2536 936 2597 ξ
958 2537 1017 2597 109,
1036 2531 1062 2585 b.

253 2610 277 2658 5.
297 2605 359 2659 Sen.
379 2605 534 2673 Pompeiae,
553 2603 592 2657 im
608 2603 633 2659 J.
654 2609 687 2656 14
701 2605 775 2658 Kon—
866 2611 890 2658 6.
908 2620 974 2657 nnn
996 2603 1022 2656 si
1045 2607 1089 2656 ett.
1131 2602 1240 2671 Wegen
1262 2602 1311 2655 des
1334 2617 1384 2654 un-

217 2677 269 2745 sul,
288 2674 470 2730 Verwandter
489 2676 537 2729 des
555 2674 699 2743 Augustus
718 2675 776 2728 und
828 2662 1385 2742 vermitteltenllbergangszurdirelrten

217 2747 326 2800 Freund
342 2747 390 2800 des
401 2744 481 2813 Ovid,
496 2744 632 2800 ebenfalls
647 2746 688 2799 als
702 2745 774 2798 Red-
828 2745 905 2800 Rede
925 2763 946 2801 s.
966 2763 999 2798 zu
1018 2751 1043 2811 2,
1063 2748 1105 2798 vt.

216 2835 266 2873 ner
300 2815 457 2886 geschatzt,
491 2832 546 2870 von
576 2815 705 2884 Caligula
732 2817 776 2870 ins
866 2823 890 2871 9.
905 2818 1034 2885 priuatae
1047 2814 1217 2883 inimicitius,
1235 2830 1292 2869 non
1306 2815 1385 2883 prin·

218 2886 371 2956 Gelbngnie
410 2888 551 2955 generiem
591 2887 648 2939 und
686 2887 775 2940 durch
828 2889 905 2957 cipis.
942 2888 1011 2941 Zum
1029 2885 1202 2956 Gegensatze
1221 2885 1277 2955 vgl.
1292 2901 1334 2954 cp.
1352 2890 1385 2938 70

217 2960 332 3026 Hunger
349 2958 465 3025 getbtet.
481 2988 514 2996 -
530 2958 625 3025 iisqne,
644 2956 706 3011 eine
721 2975 775 3010 un·
828 2975 895 3014 eane
913 2960 1000 3013 lentne
1018 2958 1050 3012 in
1067 2973 1117 3012 sno
1135 2958 1226 3011 dolore
1244 2962 1323 3011 eeset:
1347 2956 1388 3010 rei

216 3026 371 3082 klassische
390 3028 541 3093 Parataxe,
564 3026 598 3081 cf.
625 3028 691 3081 Sall.
710 3028 774 3096 Jug.
825 3031 955 3100 publicae
972 3029 1094 3082 iniurias
1111 3044 1145 3082 ne
1164 3028 1319 3097 largiretnr.

218 3105 260 3166 98,
271 3103 288 3150 4
301 3099 360 3166 ipae
369 3098 508 3167 paulatim
520 3098 655 3166 dispersos
668 3100 776 3164 milites,
867 3106 907 3157 10.
927 3116 972 3154 nos
986 3116 1048 3155 cero
1062 3101 1126 3152 dem
1135 3099 1231 3166 haufig
1245 3097 1284 3151 im
1294 3098 1387 3152 Nach-

217 3168 777 3239 neqnentinneboatibnseontnrbntte,in
830 3167 1386 3241 satzstehendeneponeronachgehildet,

218 3258 306 3296 nnnni
320 3240 464 3306 contrabit,
483 3237 543 3292 Liv.
559 3243 602 3306 25,
617 3245 660 3306 35,
675 3245 691 3293 2
705 3243 776 3295 inter
830 3259 888 3296 was
911 3258 976 3296 man
1004 3240 1077 3295 auch
1104 3240 1166 3294 hier
1191 3240 1221 3293 in
1243 3238 1388 3308 folgender

218 3314 350 3367 enercitne
363 3313 495 3380 dneeeqne
512 3312 662 3380 gratulatio
680 3312 776 3380 inpone
830 3312 913 3367 Form
941 3314 1081 3367 ervartet:
1110 3328 1157 3382 epo
1184 3326 1245 3365 nero
1272 3327 1290 3364 e
1311 3310 1387 3364 nobie

217 3386 308 3452 fecta,
333 3384 495 3451 imperatore
517 3387 594 3437 tento
617 3399 677 3436 cnm
700 3384 775 3437 enni
829 3386 913 3452 adfici
930 3386 997 3451 nole,
1016 3385 1084 3437 aber
1097 3382 1200 3451 gerade
1216 3382 1265 3435 der
1280 3379 1387 3450 Gegan-

217 3457 338 3512 enereitn
357 3455 442 3508 deleto
460 3459 489 3508 et
507 3455 621 3508 alteram
630 3470 685 3523 pro
698 3454 774 3508 leand
829 3459 887 3509 satz
911 3455 964 3508 mit
983 3456 1063 3509 odero
1081 3460 1107 3509 et
1121 3455 1249 3522 priuatae
1266 3452 1385 3506 inimici-

218 3528 305 3583 dnbin
315 3542 411 3594 parem
424 3526 566 3580 victoriane
584 3530 774 3595 exspectantes,
829 3529 896 3594 tiae,
914 3543 971 3581 non
984 3527 1124 3595 principia
1141 3526 1260 3579 nlneear
1276 3521 1386 3592 nttigte

218 3598 283 3653 hist.
305 3602 329 3661 1,
349 3600 383 3650 45
401 3597 503 3651 uinciri
520 3599 625 3651 insanin
643 3603 672 3651 et
690 3598 774 3650 ennio·
828 3615 876 3652 aur
894 3597 1093 3666 Abweichung.

217 3686 260 3726 res
276 3684 379 3738 poenae
392 3668 522 3721 datiarum
536 3669 679 3735 affirmans
692 3684 774 3736 proe-
865 3674 906 3722 12.
926 3669 1053 3723 tnrbidne
1071 3666 1112 3720 ale
1128 3666 1318 3734 Synonymum
1331 3680 1386 3719 von

218 3743 288 3797 senti
306 3741 390 3794 exitio
403 3739 549 3805 subtranit,
569 3755 590 3793 s.
605 3737 722 3806 Madvig
739 3739 776 3793 de
829 3740 980 3806 seditiosae,
998 3737 1045 3792 bei
1063 3737 1175 3791 Tacitus
1194 3737 1312 3803 beliebt,
1332 3752 1387 3789 wo·

219 3812 278 3867 fin.³
295 3829 322 3881 p.
343 3814 403 3865 804.
829 3826 920 3880 gagen
941 3810 1036 3864 Cicero
1060 3810 1231 3864 tnrbnlentne
1249 3807 1384 3862 vorzieht.

255 3889 280 3938 6.
313 3881 370 3935 Μ’.
403 3880 537 3949 Lepidus,
571 3879 658 3933 durch
691 3879 774 3934 veisa
866 3888 908 3936 13.
931 3881 1064 3936 enereitna
1087 3881 1158 3934 statt
1181 3880 1309 3948 legiones,
1333 3876 1386 3931 wie

218 3952 384 4072 Mitssigunq
392 3959 449 4004 und
464 3950 551 4003 durch
564 3948 777 4029 beredsamkeit
831 3960 854 4021 1,
874 3959 916 4007 52.

219 4021 363 4091 ausgezeic
385 4022 444 4088 net,
468 4019 551 4075 stirbt
573 4037 612 4073 rm
630 4020 655 4073 J.
674 4025 717 4074 33.
742 4052 774 4060 -
867 4030 908 4077 16.
919 4024 1039 4092 pertinet
1052 4022 1105 4075 mit
1118 4020 1238 4075 blossem
1252 4018 1384 4086 Infinitiv,

219 4094 253 4147 L.
274 4093 341 4145 Piso
363 4092 400 4144 ist
422 4092 470 4144 der
488 4090 595 4144 Bruder
617 4091 666 4144 des
684 4090 776 4162 Ange·
829 4095 882 4148 mit
900 4095 965 4147 dem
977 4096 1075 4147 Aecus.
1094 4109 1117 4147 c.
1137 4091 1214 4145 infin.
1235 4111 1257 4144 n.
1277 4090 1308 4147 B.
1329 4089 1385 4144 Oic.

220 4163 386 4231 hlagten.-
399 4160 543 4216 Ltntnetne
556 4179 614 4215 war
627 4161 774 4218 Konsular.
830 4166 864 4218 de
893 4165 938 4219 off.
967 4169 996 4232 3,
1024 4170 1069 4226 16,
1099 4170 1140 4218 67.
1164 4194 1199 4203 -
1222 4166 1386 4216 contrectare

256 4238 281 4286 9.
300 4231 442 4298 intentior,
468 4231 522 4299 vgl.
545 4237 575 4299 6,
601 4238 635 4286 50
658 4248 777 4288 annone
829 4237 928 4302 oeulis,
948 4236 1034 4289 sehon
1055 4233 1151 4288 Cicero
1167 4234 1248 4288 Tuae.
1263 4235 1386 4301 3‚15‚33

221 4319 254 4357 ce
272 4302 349 4355 onltn
364 4301 491 4354 intentas.
506 4331 540 4340 -
554 4303 630 4357 bend
643 4305 715 4358 elius
728 4321 776 4372 ge·
829 4312 887 4361 tote
904 4312 989 4361 niente
1007 4309 1177 4360 contrectare.

220 4373 287 4426 hort
305 4369 377 4423 auch
396 4386 428 4421 zu
442 4371 509 4436 plns
518 4374 651 4438 perntieit.
867 4383 907 4432 17.
923 4377 1078 4446 permittere
1091 4376 1257 4444 differrique.
1285 4373 1388 4428 Diesen
